2919 4716
330 266 412 328 32
863 319 871 330 .
1253 275 1750 326 EPISTOLARUM

328 445 509 528 Quid
550 447 815 514 valeant
854 447 1128 514 humeri.
1224 446 1351 514 Cui
1394 447 1568 514 lecta
1607 455 1908 535 potenter
1949 447 2072 512 erit
2110 468 2218 510 res
2237 495 2258 530 ‚

330 555 471 620 Nec
513 553 827 620 facundia
864 551 1125 620 deseret
1164 553 1357 622 hunc'
1374 577 1498 622 nec
1539 553 1796 620 lucidus
1839 553 2022 618 ordo.

330 765 603 830 Ordinis
640 764 807 829 haec
848 766 1063 831 virtus
1104 767 1233 834 erit
1280 775 1345 831 et
1394 788 1638 849 venus,
1681 773 1800 830 aut
1835 785 1959 850 ego
2006 763 2234 847 fallor,

332 871 425 936 Ut
467 872 596 936 iam
634 894 809 938 nunc
850 872 1029 938 dicat
1070 874 1199 938 iam
1234 895 1409 942 nunc
1448 872 1758 937 debentia
1799 870 1930 936 dici
1945 920 1964 954 ‚

329 978 651 1066 Pleraque
694 977 959 1044 differat
999 987 1065 1044 et
1106 997 1418 1064 praesens
1463 979 1532 1042 in
1576 987 1834 1065 tempus
1877 979 2152 1042 omittat.

328 1190 409 1253 In
451 1189 673 1256 verbis
714 1191 911 1254 etiam
954 1191 1171 1256 tenuis
1212 1198 1576 1277 cautusque
1620 1189 1934 1271 serendis,

328 1297 473 1360 Hoc
518 1304 721 1378 amet,
766 1295 889 1362 hoc
931 1305 1199 1384 spernat
1238 1298 1544 1383 promissi
1587 1295 1895 1361 carminis
1942 1305 2190 1362 auctor.

332 1403 599 1468 Dixeris
640 1403 937 1488 egregie,
982 1412 1209 1468 notum
1250 1405 1305 1468 si
1350 1401 1594 1466 callida
1635 1399 1906 1466 verbum

332 1508 721 1574 Reddiderit
761 1511 1065 1574 iunctura
1108 1529 1375 1572 novum.
1456 1507 1528 1572 Si
1570 1506 1736 1572 forte
1775 1531 2040 1574 necesse
2085 1517 2218 1590 est,

328 1614 603 1679 Iudiciis
649 1623 1009 1680 monstrare
1054 1615 1429 1680 recentibus
1471 1612 1697 1679 abdita
1737 1638 1982 1698 rerum,

327 1721 613 1806 Fingere
658 1719 967 1784 cinctutis
1011 1743 1143 1786 non
1188 1720 1504 1786 exaudita
1549 1720 1860 1806 Cethegis

332 1826 717 1910 Continget,
762 1825 1153 1914 dabiturque
1190 1827 1459 1892 licentia
1497 1834 1712 1892 sumta
1747 1828 2100 1914 pudenter3

330 1933 417 1997 Et
452 1952 625 1996 nova
666 1931 947 2021 fictaque
991 1957 1201 2022 nuper
1229 1934 1568 2000 habebunt
1609 1933 1816 1998 verba
1853 1932 2078 2016 fidem,
2127 1934 2182 1997 si

330 2040 583 2106 Graeco
631 2038 813 2106 fonte
854 2042 1090 2106 cadent
1130 2063 1325 2128 parce
1358 2039 1640 2110 detorta.
1728 2039 1908 2119 Quid
1946 2047 2162 2103 autem

328 2147 617 2214 Caecilio
658 2145 1021 2234 Plautoque
1054 2146 1240 2212 dabit
1281 2146 1614 2234 Romanus
1629 2195 1650 2230 ,
1693 2146 2021 2210 ademtum

326 2255 609 2340 Virgilio
647 2253 1026 2340 Varioque?
1066 2275 1189 2338 ego
1234 2275 1383 2335 cur,
1422 2254 1762 2339 acquirere
1805 2272 2018 2338 pauca

330 2365 399 2429 Si
442 2384 741 2451 possum,
790 2360 1123 2443 invideor,
1168 2382 1311 2425 cum
1358 2358 1588 2445 lingua
1635 2360 1904 2425 Catonis
1951 2368 2016 2423 et
2059 2357 2238 2421 Enni

330 2472 707 2535 Sermonem
746 2468 1025 2553 patrium
1068 2465 1379 2531 ditaverit
1420 2474 1487 2531 et
1523 2488 1698 2533 nova
1733 2486 1948 2531 rerum

328 2578 611 2641 Nomina
652 2572 1043 2662 protulerit?
1088 2572 1309 2637 Licuit
1350 2594 1738 2661 semperque
1779 2570 2003 2637 licebit

331 2685 673 2769 Signatum
718 2686 1058 2766 praesente
1106 2687 1261 2745 nota
1300 2678 1662 2767 producere
1703 2700 1960 2744 nomen.

329 2790 420 2855 Ut
459 2787 665 2853 silvae
709 2785 887 2850 foliis
923 2806 1161 2872 pronos
1200 2795 1536 2851 mutantur
1577 2786 1649 2851 in
1691 2807 1896 2850 annos
1911 2832 1932 2867 ‚

328 2896 553 2960 Prima
596 2891 871 2974 cadunt,
914 2892 1008 2957 ita
1042 2892 1387 2959 verborum
1434 2899 1625 2957 vetus
1663 2891 1888 2955 interit
1926 2897 2106 2954 aetas
2120 2938 2140 2971 ‚
2313 2912 2354 2936 ⁸·

328 3001 415 3064 Et
458 3002 771 3065 iuvenum
808 2999 941 3063 ritu
979 2998 1215 3063 florent
1255 3001 1449 3067 modo
1491 3006 1646 3063 nata
1683 2998 2063 3083 vigentque.

326 3108 664 3173 Debemur
706 3107 897 3173 morti
935 3128 1055 3171 nos
1101 3114 1485 3194 nostraque,
1526 3099 1674 3170 'sive
1711 3112 2012 3191 receptus
2115 3182 2126 3195 ἱ

327 3214 539 3279 Terra
582 3212 929 3300 Neptunus
974 3211 1219 3279 classes
1260 3212 1678 3301 aquilonibus
1723 3219 1937 3292 arcet,

328 3321 529 3407 Regis
576 3341 771 3408 opus,
814 3319 1183 3406 sterilisque
1220 3320 1407 3409 palus
1452 3319 1568 3383 diu
1611 3327 1891 3405 aptaque
1927 3317 2124 3380 remis

325 3422 593 3487 Vicinas
640 3424 839 3489 urbes
886 3424 1003 3489 alit
1038 3434 1102 3489 et
1139 3448 1343 3511 grave
1381 3427 1582 3490 sentit
1617 3433 1939 3505 aratrum,
2027 3498 2035 3505 ,

326 3532 458 3595 Seu
501 3551 761 3594 cursum
802 3532 1087 3595 mutavit
1127 3533 1423 3619 iniquum
1469 3530 1770 3617 frugibus
1814 3531 2023 3595 amnis
2040 3580 2060 3613 ‚

326 3637 581 3700 Doctus
616 3636 745 3699 iter
780 3634 1035 3701 melius.
1120 3635 1429 3702 Mortalia
1465 3638 1644 3702 facta
1683 3635 2028 3722 peribunt,

326 3742 584 3807 Nedum
629 3761 997 3805 sermonum
1042 3749 1170 3807 stet
1205 3742 1410 3809 honos
1455 3753 1521 3809 et
1557 3743 1773 3832 gratia
1811 3743 2036 3807 vivax.

325 3846 536 3912 Multa
574 3855 993 3913 renascentur
1032 3872 1197 3936 quae
1235 3851 1364 3920 iam
1406 3850 1734 3932 cecidere,
1773 3850 2136 3936 cadentque

326 3953 513 4033 Quae
554 3975 729 4019 nunc
774 3962 923 4019 sunt
964 3956 1034 4019 in
1075 3956 1321 4023 honore
1360 3957 1684 4023 vocabula
1700 4007 1717 4040 ,
1759 3958 1814 4021 si
1852 3955 2030 4022 volet
2065 3978 2258 4039 usus,

327 4060 536 4141 Quem
575 4082 777 4147 penes
818 4061 1165 4127 arbitrium
1208 4071 1311 4127 est
1352 4072 1419 4127 et
1463 4064 1564 4127 ius
1605 4073 1670 4129 et
1713 4086 1941 4128 norma
1985 4062 2316 4151 loquendi.

326 4270 458 4332 Res
503 4278 725 4353 gestae
764 4292 1121 4355 regumque
1166 4272 1530 4357 ducumque
1566 4282 1632 4337 et
1671 4275 1889 4338 tristia
1930 4274 2104 4339 bella

2697 1723 2751 1771 50

2699 2257 2750 2305 55

2711 3326 2764 3376 55

2716 3862 2768 3913 70
