2919 4716
1209 730 1569 794 Ems'ronA
1610 732 1663 797 Ι.

1045 887 1166 946 AD
1211 888 1833 948 MAECENATEM.

283 1054 504 1118 Prima
545 1052 716 1117 dicte
757 1049 952 1134 mihi,
996 1073 1248 1116 summa
1288 1051 1563 1116 dicende
1604 1075 1903 1137 camena,

286 1160 662 1247 Spectatum
708 1154 868 1221 satis
909 1164 974 1219 et
1017 1155 1328 1221 donatum
1367 1159 1499 1221 iam
1530 1159 1695 1224 rude
1730 1163 1991 1246 quaeris
2008 1211 2027 1244 ,

283 1266 668 1348 Maecenas,
713 1265 949 1327 iterum
989 1264 1259 1348 antiquo
1303 1286 1406 1328 me
1449 1263 1785 1329 includere
1834 1265 2040 1330 ludo?

282 1372 431 1438 Non
475 1372 705 1436 eadem
747 1375 846 1432 est
895 1376 1078 1431 aetas
1096 1416 1114 1450 ,
1157 1390 1290 1432 non
1332 1390 1535 1432 mens.
1626 1371 1941 1436 Veianius
1984 1376 2183 1437 armis

279 1476 588 1543 Herculis
633 1475 713 1538 ad
760 1483 1012 1562 postem
1057 1475 1207 1540 fixis
1250 1473 1412 1538 latet
1450 1475 1713 1540 abditus
1757 1499 1915 1562 agro
1929 1528 1948 1561 ,

281 1585 382 1648 Ne
425 1580 736 1669 populum
781 1563 1074 1642 extrema
1113 1581 1305 1643 toties
1349 1565 1575 1645 exoret
1615 1604 1831 1646 arena.

263 1691 408 1754 Est
446 1688 608 1751 mihi
641 1692 987 1772 purgatam
1024 1684 1252 1748 crebro
1293 1687 1405 1770 qui
1441 1690 1747 1772 personet
1788 1709 2040 1752 aurem:

282 1795 524 1881 „Solve
571 1798 1016 1857 senescentem
1062 1797 1314 1852 mature
1361 1813 1558 1854 sanus
1604 1814 1873 1878 equum,
1920 1815 2003 1856 ne

283 1900 566 1985 „Peccet
609 1896 695 1960 ad
737 1902 1100 1960 extremum
1141 1895 1458 1960 ridendus
1505 1905 1570 1960 et
1610 1898 1725 1960 ilia
1766 1899 2056 1963 ducat!“

281 2007 474 2072 Nunc
514 2006 735 2090 itaque
782 2007 846 2063 et
886 2021 1115 2064 versus
1161 2009 1226 2064 et
1257 2011 1477 2066 cetera
1516 2002 1771 2068 ludicra
1805 2026 2003 2088 pon03

284 2110 464 2192 Quid
492 2130 720 2174 verum
751 2115 944 2191 atque
977 2107 1216 2194 decens
1252 2131 1405 2174 curo
1435 2117 1501 2173 et
1529 2131 1721 2192 rogo,
1754 2117 1817 2172 et
1848 2112 2055 2173 omnis
2084 2111 2155 2174 in
2180 2111 2301 2198 hoc
2326 2133 2501 2192 sum3

286 2215 514 2281 Condo
559 2222 625 2277 et
673 2233 988 2298 compono
1033 2234 1200 2298 quae
1240 2237 1397 2278 mox
1439 2214 1818 2300 depromere
1862 2215 2127 2298 possim.

281 2323 384 2388 Ac
425 2345 510 2388 ne
555 2320 723 2385 forte
762 2340 988 2403 roges,
1036 2341 1164 2406 quo
1204 2344 1307 2387 me
1351 2321 1549 2406 duce,
1599 2345 1725 2410 quo
1766 2320 1902 2384 lare
1946 2329 2154 2386 tuter:

280 2429 541 2494 Nullius
579 2428 879 2491 addictus
926 2429 1145 2490 iurare
1189 2429 1260 2493 in
1292 2426 1498 2493 verba
1540 2427 1872 2512 magistri,

283 2534 426 2613 Quo
471 2554 575 2597 me
615 2555 870 2619 cunque
913 2534 1084 2619 rapit
1127 2541 1515 2619 tempestas,
1563 2531 1821 2597 deferor
1862 2530 2119 2618 hospeS.

281 2639 472 2703 Nunc
517 2636 712 2721 agilis
758 2638 842 2701 fio
893 2648 958 2702 et
997 2660 1246 2702 mersor
1287 2636 1596 2702 civilibus
1636 2636 1867 2718 undis,

280 2744 564 2807 Virtutis
603 2764 800 2805 verae
845 2751 1062 2807 custos
1100 2742 1483 2827 rigidusque
1525 2741 1821 2823 satelles3

281 2848 472 2912 Nunc
514 2849 584 2911 in
623 2847 950 2937 Aristippi
995 2848 1219 2912 furtim
1264 2855 1613 2933 praecepta
1654 2846 1949 2929 relabor,

281 2954 371 3017 Et
407 2952 569 3017 mihi
611 2976 750 3039 res,
793 2978 924 3020 non
963 2976 1067 3018 me
1111 2954 1306 3019 rebus
1351 2953 1747 3037 subiungere
1792 2974 2009 3016 conor.

281 3060 373 3123 Ut
416 3080 549 3123 nox
592 3059 790 3147 longa
807 3061 1060 3147 ,quibus
1103 3060 1416 3124 mentitur
1457 3059 1702 3140 amica,
1750 3058 2019 3144 diesque

280 3166 512 3251 Longa
558 3166 820 3231 videtur
862 3188 1026 3254 opus
1066 3164 1458 3230 debentibus
1479 3214 1497 3247 ,
1544 3172 1616 3228 ut
1657 3165 1845 3249 piger
1882 3152 2093 3225 annus

279 3270 588 3357 Pupillis,
631 3293 794 3358 quos
839 3271 1004 3336 dura
1041 3273 1276 3359 premit
1313 3270 1612 3335 custodia
1654 3278 1965 3351 matrum3

281 3376 389 3439 Sic
424 3376 586 3439 mihi
623 3378 814 3441 tarda
855 3378 1066 3442 fluunt
1108 3380 1495 3463 ingrataque
1538 3385 1863 3463 tempora,
1911 3397 2078 3461 quae
2123 3398 2303 3461 spem

281 3480 775 3567 Consiliumque
811 3492 1145 3546 morantur
1187 3483 1426 3567 agendi
1466 3484 1769 3567 gnaviter
1812 3482 1915 3564 id,
1966 3480 2141 3565 quod

277 3586 508 3672 Aeque
548 3586 946 3671 pauperibus
985 3587 1284 3673 prodest,
1329 3588 1763 3675 locupletibus
1806 3609 2045 3674 aeque,

278 3693 506 3778 Aeque
551 3678 920 3776 neglectum
964 3695 1185 3780 pueris
1229 3694 1625 3781 senibusque
1672 3693 1955 3758 nocebit.

280 3799 540 3878 Restat,
585 3806 658 3861 ut
702 3796 804 3861 his
850 3820 970 3884 ego
1011 3820 1114 3861 me
1159 3798 1301 3884 ipse
1342 3821 1568 3885 regam
1614 3799 1910 3885 solerque
1954 3798 2323 3861 elementis:

276 3903 426 3968 Non
468 3904 684 3988 possis
732 3902 917 3967 oculo
964 3907 1276 3991 quantum
1317 3906 1709 3971 contendere
1752 3905 2093 3991 Lynceus,

277 4008 428 4072 Non
469 4016 685 4072 tamen
726 4010 970 4074 idcirco
1012 4020 1388 4075 contemnas
1429 4010 1645 4098 lippus
1682 4010 1945 4095 inungi,

275 4115 450 4196 Nec,
497 4115 652 4200 quia
694 4115 1002 4203 desperes
1048 4116 1277 4180 invicti
1318 4117 1612 4181 membra
1659 4116 2007 4202 Glyconis,

275 4218 541 4284 Nodosa
583 4241 818 4306 corpus
855 4220 1024 4283 nolis
1061 4220 1408 4307 prohibere
1455 4220 1791 4305 cheragra.

2546 2018 2713 2068 -lo

2644 2551 2713 2599 15

2640 3072 2712 3121 ‘20

2640 3604 2712 3653 25

2639 4125 2713 4175 30
