2919 4716
213 249 296 311 20
337 239 341 243 ’
1134 256 1635 305 EPISTOLARUM

215 412 306 476 Et
349 411 684 476 dominum
724 409 962 475 fallunt
1005 419 1072 475 et
1103 416 1378 495 prosunt
1419 406 1701 473 furibus.
1782 406 1963 491 Ergo

219 516 292 587 Si
333 538 440 581 res
487 516 626 581 sola
660 524 878 601 potest
913 514 1140 605 ‘facere
1181 523 1248 581 et
1293 536 1556 581 servare
1592 514 1893 594 beatum,

217 622 363 686 Hoc
405 623 654 707 primus
691 630 947 707 repetas
991 642 1189 708 opus,
1229 622 1352 687 hoc
1396 629 1763 710 postremus
1809 618 2095 683 omittas.

219 728 291 792 Si
337 728 742 793 fortunatum
787 728 1040 813 species
1081 737 1146 791 et
1183 730 1397 813 gratia
1437 733 1767 815 praestat,

217 832 586 899 Mercemur
632 855 926 914 servum,
972 833 1086 918 qui
1128 832 1330 899 dictet
1371 834 1669 913 nomina,
1714 830 1977 895 laevum

220 936 352 1017 Qui
389 936 635 1003 fodicet
673 938 846 1003 latus
891 948 956 1001 et
989 948 1182 1024 cogat
1210 946 1394 1003 trans
1438 936 1732 1023 pondera
1776 936 2077 999 dextram

219 1041 585 1127 Porrigere.
659 1044 832 1127 „Hic
875 1044 1154 1109 multum
1195 1046 1268 1108 in
1308 1042 1521 1105 Fabia
1566 1042 1743 1107 valet
1765 1091 1783 1124 ,
1830 1040 1941 1105 ille
1989 1040 2261 1127 Velina-3

219 1148 395 1232 „Cui
437 1150 601 1215 libet
641 1150 750 1215 hic
792 1150 1007 1215 fasces
1052 1150 1270 1232 dabit,
1305 1149 1668 1234 eripietque
1712 1146 1937 1211 curule

221 1252 394 1336 „Oui
437 1252 616 1320 volet
659 1258 1065 1343 importunus
1111 1256 1344 1319 ebur.“
1407 1253 1675 1319 Frater!
1713 1252 1925 1339 pater!
1970 1252 2171 1335 adde3

221 1360 314 1424 Ut
357 1362 590 1446 cuique
639 1369 740 1425 est
781 1370 964 1426 aetas
982 1412 1000 1445 ,
1043 1362 1136 1425 ita
1178 1382 1501 1448 quemque
1540 1359 1795 1423 facetus
1840 1358 2101 1444 adopta.

195 1463 295 1528 ·Si
337 1464 507 1531 bene
555 1467 670 1551 qui
709 1476 942 1533 coenat
984 1468 1152 1531 bene
1195 1468 1401 1535 vivit:
1447 1466 1670 1533 lucet?
1718 1487 1941 1529 eamus

224 1571 370 1650 Quo
417 1570 599 1635 ducit
632 1572 824 1656 gula3
865 1575 1225 1659 piscemur,
1264 1594 1580 1638 venemur
1622 1579 1695 1635 ut
1740 1570 1893 1634 olim

223 1675 594 1760 Gargilius,
641 1678 754 1762 qui
804 1699 993 1741 mane
1038 1678 1266 1765 plagas
1284 1726 1303 1761 ,
1347 1677 1709 1759 venabula,
1756 1698 1983 1740 servos

220 1780 575 1845 Differtum
613 1784 898 1847 transire
934 1782 1148 1848 forum
1191 1784 1631 1871 populumque
1671 1781 1971 1865 iubebat,

223 1886 412 1951 Unus
457 1896 528 1951 ut
566 1908 602 1950 e
645 1888 868 1953 multis
911 1890 1150 1977 populo
1197 1898 1534 1976 spectante
1578 1890 1855 1954 referret

144 2056 148 2061 .
221 1993 491 2057 Emtum
532 1989 747 2059 mulus
791 2017 1053 2082 aprum3
1099 1993 1285 2059 crudi
1323 1995 1692 2080 tumidique
1735 1998 2061 2076 lavemur,

225 2096 403 2179 Quid
449 2099 678 2164 deceat
725 2102 886 2187 quid
929 2124 1063 2167 non
1105 2101 1325 2183 obliti,
1369 2100 1633 2165 Caerite
1678 2124 1829 2165 cera

222 2202 460 2289 Digni,
506 2208 854 2291 remigium
875 2210 1212 2274 -vitiosum
1254 2206 1622 2287 Ithacensis
1666 2207 1927 2292 Ulixei,

225 2311 350 2376 Oui
387 2312 600 2398 potior
641 2315 858 2400 patria
900 2316 1026 2382 fuit
1067 2313 1416 2381 interdicta
1453 2314 1781 2401 voluptas.

223 2417 324 2500 Si,
367 2418 794 2500 Mimnermus
837 2425 936 2489 uti
977 2431 1232 2504 censet,
1277 2423 1418 2486 sine
1454 2418 1671 2486 amore
1716 2424 2007 2508 iocisque

223 2527 335 2590 Nil
377 2536 479 2591 est
520 2528 912 2611 iucundum,
957 2531 1148 2595 vivas
1186 2531 1256 2594 in
1303 2550 1523 2594 amore
1567 2531 1879 2614 iocisque.

225 2632 422 2715 Vive,
463 2633 644 2698 vale!
711 2632 782 2698 Si
824 2634 983 2720 quid
1023 2636 1268 2701 novisti
1308 2637 1551 2699 rectius
1597 2636 1777 2717 istis,

226 2738 564 2804 Candidus
605 2739 898 2825 imperti3
941 2739 998 2803 si
1033 2761 1196 2822 non,
1240 2739 1342 2804 his
1387 2749 1572 2804 utere
1614 2762 1888 2804 mecum.

1111 2991 1468 3056 EmsroLA
1509 2991 1661 3056 VII.

993 3129 1114 3190 AD
1161 3129 1787 3190 MAECENATEM.

227 3277 533 3366 Quinque
574 3278 716 3344 dies
760 3277 884 3343 tibi
925 3274 1256 3364 pollicitus
1300 3299 1404 3341 me
1447 3297 1599 3342 rure
1645 3277 1969 3359 futurum,

228 3383 544 3448 Sextilem
584 3393 792 3448 totum
833 3382 1122 3446 mendax
1163 3382 1519 3447 desideror.
1596 3384 1799 3469 Atqui

229 3490 302 3554 Si
339 3511 440 3552 me
486 3491 707 3554 vivere
756 3489 859 3552 vis
903 3509 1135 3552 sanum
1176 3497 1482 3576 recteque
1524 3481 1881 3570 valentem,

229 3594 442 3673 Quam
484 3593 644 3657 mihi
687 3592 805 3657 das
841 3613 1070 3677 aegro,
1116 3593 1306 3657 dabis
1341 3603 1681 3678 aegrotare
1718 3595 2008 3675 timenti,

228 3699 612 3780 Maecenas,
655 3699 948 3780 veniam,
996 3697 1150 3761 dum
1195 3699 1358 3763 ficus
1401 3701 1614 3786 prima
1657 3701 1963 3786 calorque

228 3803 735 3890 Designatorem
781 3804 1044 3868 decorat
1083 3804 1423 3869 lictoribus
1467 3809 1663 3889 atris,

227 3911 405 3974 Dum
447 3913 669 3998 pueris
713 3911 922 3974 omnis
964 3920 1150 3997 pater
1195 3920 1260 3974 et
1300 3912 1659 3976 matercula
1694 3910 1926 3999 pallet,

227 4016 672 4102 Officiosaque
713 4014 1026 4080 sedulitas
1070 4025 1136 4080 et
1169 4015 1379 4103 opella
1415 4018 1696 4081 forensis

227 4119 520 4184 Adducit
561 4121 782 4185 febres
827 4130 892 4184 et
931 4129 1320 4187 testamenta
1360 4124 1670 4206 resignat.

229 4224 485 4304 Quodsi
525 4225 758 4289 bruma
801 4227 990 4289 nives
1033 4225 1313 4291 Albanis
1349 4228 1566 4292 illinet
1607 4228 1821 4310 agris,

2584 844 2656 893 50

2588 1375 2657 1424 55

2588 1903 2661 1953 60

2588 2435 2659 2486 65

2591 4233 2661 4284 10
