2919 4716
282 212 323 276 8
1202 224 1690 274 ΕΡιεΤοιΑΒωι

283 397 479 461 Mane
528 395 719 462 domo
764 395 1075 480 vigilare,
1119 395 1341 462 clienti
1382 416 1682 482 promere
1719 396 1895 479 iura,

286 502 531 567 Cautes
576 501 947 568 nominibus
992 503 1189 567 rectis
1234 501 1608 589 expendere
1657 524 1954 568 nummos
1973 552 1992 587 ,

284 609 569 674 Maiores
614 606 876 690 audire,
924 608 1163 674 minori
1202 608 1417 673 dicere
1454 630 1572 695 per
1606 629 1778 695 quae

287 716 603 782 Crescere
646 735 751 778 res
798 721 1021 798 posset
1034 752 1067 796 ,-
1098 713 1307 778 minui
1350 713 1667 778 damnosa
1705 713 1932 780 libido.

283 825 570 889 Mutavit
610 827 894 884 mentem
940 818 1219 907 populus
1257 819 1423 886 levis
1438 869 1455 902 ,
1497 827 1562 882 et
1601 818 1772 884 calet
1811 841 1942 885 uno

287 928 633 996 Scribendi
678 924 928 1010 studi03
976 924 1159 1014 pueri
1202 933 1550 1013 patresque
1594 926 1810 990 severi

286 1035 547 1102 Fronde
597 1052 815 1097 comas
858 1032 1067 1097 vincti
1108 1039 1385 1097 coenant
1426 1039 1492 1096 et
1533 1032 1826 1098 carmina
1861 1030 2132 1096 dictant.

284 1147 429 1230 lpse
472 1165 595 1228 ego
610 1188 629 1222 ,
675 1137 789 1225 qui
832 1136 1045 1203 nullos
1088 1159 1193 1202 me
1240 1137 1496 1202 affirmo
1545 1136 1829 1201 scribere
1873 1159 2135 1220 versus,

283 1245 599 1311 Iuvenior
642 1242 903 1308 Parthis
948 1240 1352 1325 mendacior,
1396 1251 1462 1307 et
1498 1244 1678 1330 prius
1725 1249 1866 1308 orto

286 1351 436 1416 Sole
482 1350 647 1437 vigil
698 1348 1020 1414 calamum
1062 1356 1129 1412 et
1164 1347 1423 1414 chartas
1469 1357 1536 1414 et
1579 1348 1820 1412 scrinia
1864 1369 2082 1434 posco.

286 1456 527 1523 Navim
574 1478 773 1542 agere
818 1456 1089 1541 ignarus
1133 1455 1325 1520 navis
1364 1455 1581 1540 timet,
1631 1454 2018 1520 abrotonum
2067 1477 2266 1540 aegro

284 1561 435 1628 Non
474 1561 673 1628 audet
716 1562 847 1626 nisi
890 1562 1004 1647 qui
1046 1560 1277 1625 didicit
1314 1560 1510 1643 dare;
1563 1561 1739 1647 quod
1782 1561 2186 1628 medicorum
2229 1570 2361 1643 est,

287 1669 685 1733 Promittunt
728 1666 999 1750 medici,
1048 1675 1335 1732 tractant
1377 1665 1646 1731 fabrilia
1689 1666 1895 1750 fabri3

286 1774 647 1840 Scribimus
690 1774 937 1840 indocti
982 1774 1289 1860 doctique
1330 1779 1634 1861 poemata
1677 1772 1944 1858 passim.

182 1951 191 1962 ,
284 1880 415 1945 Hic
453 1903 632 1946 error
672 1889 891 1945 tamen
934 1889 998 1945 et
1040 1880 1209 1945 levis
1255 1878 1417 1946 haec
1463 1878 1724 1942 insania
1765 1887 2042 1966 quantas

286 1987 581 2052 Virtutes
618 1988 887 2072 habeat,
933 1989 1029 2052 sic
1074 1985 1343 2072 collige:
1388 1985 1562 2048 vatis
1608 2004 1847 2049 avarus

284 2093 433 2158 Non
476 2102 721 2168 temere
766 2103 865 2158 est
907 2095 1199 2174 animus3
1243 2111 1474 2155 versus
1519 2097 1724 2172 amat,
1767 2089 1891 2155 hoc
1937 2090 2152 2161 studet
2195 2113 2430 2174 unum;

284 2199 731 2284 Detrimenta,
779 2200 970 2286 fugas
1014 2219 1384 2280 servorum,
1421 2194 1728 2260 incendia
1767 2195 1969 2277 ridet,

285 2303 434 2369 Non
476 2303 775 2371 fraudem
820 2308 996 2372 socio
1042 2327 1331 2394 puerove
1368 2300 1688 2387 incogitat
1727 2300 1927 2366 ullam

286 2410 583 2498 Pupillo;
616 2413 799 2484 ¹vivit
844 2413 1099 2500 siliquis
1146 2421 1210 2477 et
1251 2432 1419 2498 pane
1461 2406 1783 2491 secund03

285 2516 562 2583 Militiae
607 2540 978 2605 quanquam
1021 2520 1208 2606 piger
1249 2524 1315 2580 et
1355 2515 1566 2580 malus
1582 2560 1600 2595 ,
1643 2512 1826 2579 utilis
1870 2514 2049 2599 urbi,

286 2624 359 2688 Si
403 2623 520 2687 das
566 2624 723 2707 hoc,
762 2625 989 2711 parvis
1034 2644 1295 2713 quoque
1331 2620 1528 2685 rebus
1571 2641 1812 2705 magna
1851 2622 2086 2687 iuvari.

286 2730 380 2794 Os
426 2739 724 2793 tenerum
765 2732 965 2816 pueri,
994 2729 1394 2814 balbumque
1438 2740 1636 2815 poeta
1671 2726 1938 2815 figurat,

285 2836 575 2922 Torquet
619 2836 703 2901 ab
742 2835 1083 2901 obscoenis
1130 2835 1258 2925 iam
1302 2853 1477 2897 nunc
1521 2834 1932 2899 sermonibus
1977 2857 2232 2920 aurem,

284 2944 447 3007 Mox
491 2944 687 3008 etiam
731 2951 959 3030 pectus
1002 2939 1369 3028 praeceptis
1419 2938 1654 3003 format
1695 2941 1921 3005 amicis
1939 2990 1955 3021 ,

284 3050 683 3137 Asperitatis
730 3056 795 3113 et
837 3047 1127 3113 invidiae
1165 3054 1489 3112 corrector
1533 3054 1598 3109 et
1639 3046 1808 3130 irae,

286 3157 488 3221 Recte
536 3156 713 3221 facta
755 3157 991 3240 refert,
1040 3154 1318 3220 orientia
1360 3160 1654 3238 tempora
1696 3154 1868 3219 notis

284 3261 560 3325 Instruit
602 3262 921 3350 exemplis
937 3312 955 3345 ,
1000 3264 1257 3349 inopem
1302 3257 1549 3323 solatur
1595 3266 1658 3322 et
1698 3281 1989 3345 aegrum.

287 3366 505 3432 Castis
551 3390 697 3432 cum
747 3370 967 3455 pueris
1012 3350 1245 3455 ignara
1287 3364 1509 3452 puella
1553 3366 1772 3429 mariti

282 3474 587 3540 Disceret
630 3474 803 3538 unde
840 3462 1099 3560 preces,
1146 3482 1362 3540 vatem
1405 3474 1476 3536 ni
1526 3472 1716 3536 Musa
1763 3474 2105 3540 dedisset?

285 3580 509 3644 Poscit
552 3602 741 3667 opem
786 3580 1021 3645 chorus
1063 3589 1128 3644 et
1170 3579 1548 3665 praesentia
1592 3580 1863 3644 numina
1909 3582 2136 3665 sentit,

285 3685 620 3751 Coelestes
661 3685 967 3773 implorat
1004 3708 1209 3775 aquas
1256 3686 1463 3777 docta·
1492 3708 1685 3773 prece
1730 3686 2045 3771 blandus,

284 3794 547 3857 Avertit
586 3793 880 3876 morbos,
924 3793 1277 3859 metuenda
1317 3790 1615 3879 pericula
1650 3792 1868 3880 pellit,

284 3899 602 3985 Impetrat
648 3908 713 3965 et
755 3922 982 3987 pacem
1029 3910 1095 3967 et
1138 3899 1530 3987 locupletem
1572 3901 1874 3988 frugibus
1919 3922 2181 3965 annum.

288 4006 593 4070 Carmine
639 4006 708 4070 di
752 4009 971 4095 superi
1014 4007 1391 4094 placantur,
1437 4010 1725 4073 carmine
1765 4029 2015 4072 manes,

219 4098 226 4103 ’
285 4111 637 4199 Agricolae
678 4114 911 4199 prisci,
954 4114 1155 4179 fortes
1197 4135 1535 4202 parvoque
1572 4114 1780 4197 beati,

188 4199 219 4219 ⁰
291 4218 571 4283 Condita
609 4227 757 4306 post
796 4219 1125 4284 frumenta
1167 4220 1465 4285 levantes
1507 4229 1798 4308 tempore
1836 4221 2008 4286 festo

2578 2607 2595 2617 ’
2643 2613 2738 2695 ’125
2779 2657 2801 2681 -·

2632 523 2728 573 105

2636 1047 2732 1096 110

2639 1572 2734 1622 115

2642 2111 2734 2161 120

2646 3174 2746 3224 130

2655 3706 2752 3756 135

2662 4234 2762 4286 140
