2919 4716
347 239 430 300 30
1263 259 1757 310 emsa-omnum

346 404 471 470 Est
509 406 623 471 ubi
667 407 940 473 divellat
979 430 1236 474 somnos
1280 413 1501 476 minus
1538 414 1764 480 invida
1808 417 2013 480 cura?

343 513 656 578 Deterius
693 515 965 602 Libycis
1012 512 1142 579 olet
1182 524 1294 580 aut
1337 520 1506 583 nitet
1551 519 1756 586 herba
1798 521 2087 609 lapillis?

345 618 580 683 Purior
613 620 683 682 in
726 621 891 685 vicis
935 643 1106 707 aqua
1145 623 1358 688 tendit
1391 649 1697 714 rumpere
1734 627 2105 714 plumbum,

344 725 560 805 Quam
604 748 772 813 quae
813 749 930 814 per
977 751 1251 816 pronum
1291 733 1577 819 trepidat
1621 755 1769 798 cum
1806 757 2136 799 murmure
2182 737 2395 800 rivum
2414 738 2447 799 ‘3

341 833 593 920 Nempe
637 833 808 897 inter
847 835 1068 900 varias
1114 837 1400 901 nutritur
1445 838 1617 904 silva
1662 837 2025 922 columnas,

339 939 811 1026 Laudaturque
849 938 1115 1025 domus,
1158 943 1388 1028 longos
1430 967 1599 1031 quae
1640 947 1955 1032 prospicit
1992 969 2207 1032 agros.

339 1046 656 1111 Naturam
695 1045 990 1134 expellas
1028 1049 1251 1133 furca,
1293 1059 1515 1114 tamen
1558 1071 1765 1137 usque
1808 1063 2130 1136 recurret,

339 1154 428 1218 Et
463 1153 635 1218 mala
678 1164 1054 1242 perrumpet
1098 1156 1326 1221 furtim
1366 1156 1636 1221 fastidia
1672 1157 1931 1222 victrix.

338 1259 520 1342 Non,
564 1260 675 1347 qui
719 1262 992 1326 Sidonio
1037 1264 1431 1328 contendere
1476 1261 1751 1327 callidus
1796 1271 1970 1327 ostro

339 1365 564 1430 Nescit
603 1367 1002 1453 Aquinatem
1036 1371 1334 1456 potantia
1375 1368 1625 1435 vellera
1669 1370 1923 1451 fucum,

339 1473 598 1538 Certius
641 1475 921 1560 accipiet
965 1475 1272 1541 damnum
1323 1477 1676 1563 propiusve
1710 1474 2063 1562 medullis,

338 1579 554 1659 Quam
597 1580 712 1666 qui
753 1601 883 1643 non
923 1582 1162 1666 poterit
1200 1605 1356 1648 vero
1398 1582 1804 1667 distinguere
1845 1579 2107 1643 falsum.

339 1685 549 1766 Quem
592 1707 696 1750 res
743 1684 889 1772 plus
935 1686 1136 1750 nimio
1183 1687 1593 1752 delectavere
1636 1685 1998 1768 secundae,

310 1785 629 1855 'Mutatae
673 1791 1006 1877 quatient3
1053 1793 1107 1856 si
1153 1793 1312 1879 quid
1351 1791 1703 1873 mirabere,
1750 1813 1952 1879 pones

337 1895 618 1962 Invitus.
709 1895 893 1980 Fuge
931 1919 1203 1982 magna:
1250 1901 1404 1965 lieet
1444 1898 1564 1964 sub
1609 1917 1896 1984 paupere
1940 1905 2113 1962 tecto

336 2003 552 2089 Reges
597 2011 662 2066 et
699 2024 929 2090 regum
975 2005 1117 2069 vita
1157 2024 1578 2092 praecurrere
1621 2004 1884 2068 amieos.

338 2109 590 2176 Cervus
637 2132 874 2197 equum
913 2132 1135 2197 pugna
1173 2112 1402 2177 melior
1436 2108 1885 2175 communibus
1922 2108 2143 2175 herbis

335 2216 663 2298 Pellebat,
709 2215 914 2281 donec
955 2219 1167 2283 minor
1207 2219 1278 2283 in
1320 2215 1675 2283 certamine
1717 2214 1917 2300 longo

333 2321 720 2410 Imploravit
755 2344 910 2411 opes
955 2323 1238 2390 hominis
1281 2325 1671 2410 frenumque
1716 2321 1996 2407 recepit,

336 2429 468 2495 Sed
503 2440 850 2518 postquam
893 2435 1111 2497 victor
1152 2431 1406 2497 violens
1450 2428 1756 2493 discessit
1798 2427 1882 2493 ab
1927 2427 2143 2509 hoste,

334 2536 483 2601 Non
518 2539 801 2624 equitem
849 2538 1042 2602 dorso
1056 2585 1074 2618 ,
1119 2556 1252 2599 non
1291 2535 1551 2599 frenum
1594 2532 1845 2620 depulit
1887 2556 2019 2598 ore.

335 2644 473 2727 Sic,
519 2645 632 2729 qui
669 2644 1048 2729 pauperiem
1089 2640 1337 2705 veritus
1379 2640 1629 2727 potiore
1674 2638 1955 2703 metallis

333 2747 669 2811 Libertate
715 2756 894 2811 caret
907 2795 927 2829 ,
975 2748 1306 2812 dominum
1342 2747 1524 2813 vehit
1564 2746 1898 2832 improbus
1940 2754 2139 2831 atque

337 2854 596 2917 Serviet
641 2861 1010 2937 aeternum,
1057 2856 1212 2941 quia
1251 2874 1455 2941 parvo
1499 2852 1749 2915 nesciet
1790 2852 1907 2914 uti.

339 2960 464 3023 Oui
506 2981 640 3023 non
685 2962 1032 3026 conveniet
1075 2982 1194 3025 sua
1237 2982 1374 3038 reS,
1422 2966 1497 3021 ut
1537 2956 1795 3020 calceus
1842 2956 2033 3038 olim,

336 3066 406 3131 Si
441 3066 607 3152 pede
652 3066 860 3130 maior
907 3066 1060 3146 erit,
1105 3059 1471 3146 subvertet,
1519 3065 1575 3127 si
1613 3063 1856 3145 minor,
1894 3070 2060 3126 uret.
2109 3097 2111 3099 v

332 3172 576 3236 Laetus
627 3179 798 3236 sorte
843 3180 959 3236 tua
993 3173 1179 3240 vives
1223 3171 1583 3257 sapienter,
1628 3168 1865 3251 Aristi,

332 3278 472 3344 Nec
515 3300 618 3342 me
665 3277 952 3342 dimittes
987 3278 1449 3364 incastigatum
1464 3324 1482 3359 ,
1520 3276 1638 3340 ubi
1672 3274 1863 3359 plura

338 3387 619 3471 Cogere,
660 3406 856 3471 quam
899 3385 1058 3448 satis
1105 3392 1234 3466 est,
1271 3406 1348 3448 ac
1391 3406 1525 3449 non
1568 3402 1826 3445 cessare
1868 3376 2165 3445 videbor.

334 3489 624 3576 Imperat
665 3498 780 3553 aut
823 3491 1027 3553 servit
1071 3489 1342 3554 collecta
1383 3490 1665 3576 pecunia
1706 3486 1977 3573 cuique,

335 3596 608 3661 Tortum
651 3596 852 3681 digna
897 3596 1082 3681 sequi
1123 3597 1340 3681 potius
1379 3616 1575 3681 quam
1622 3592 1857 3656 ducere
1904 3590 2151 3654 funem.

335 3700 519 3765 Haec
561 3701 686 3765 tibi
723 3701 1050 3767 dictabam
1093 3708 1242 3786 post
1285 3702 1509 3764 fanum
1545 3707 1734 3787 putre
1773 3695 2117 3776 Vacunae,

334 3808 630 3895 Excepto
672 3807 846 3894 quod
889 3829 1022 3873 non
1065 3805 1261 3871 simul
1306 3826 1521 3888 esses,
1565 3812 1783 3867 cetera
1824 3802 2058 3865 laetus.

2712 647 2882 700 20}

2707 1173 2882 1244 25w

2706 1699 2771 1750 30

2703 2207 2882 2273 35ἰ

2702 2752 2882 2831 40¹

2610 3277 2777 3340 ,45

2700 3798 2773 3847 50
