2919 4716
338 263 381 326 6
498 255 507 264 ’
1256 275 1748 324 Ems'ronsnnu

342 449 429 512 Et
472 447 645 534 sapit
685 453 751 508 et
792 465 1045 508 mecum
1080 445 1241 510 facit
1294 453 1361 510 et
1402 446 1564 512 Iove
1606 443 1856 509 iudicat
1891 466 2124 531 aequo.

340 553 487 617 Non
532 551 833 637 equidem
874 551 1159 616 insector
1204 552 1614 640 delendaque
1655 552 1948 615 carmina
1985 550 2138 616 Livi

340 660 507 723 Esse
544 679 718 739 reor,
764 658 1029 720 memini
1075 679 1241 743 quae
1284 660 1628 745 plagosum
1679 658 1839 722 mihi
1885 680 2088 746 parvo

338 763 661 830 Orbilium
707 762 985 846 dictar03
1032 763 1149 828 sed
1194 766 1540 829 emendata
1582 765 1796 831 videri

338 868 750 955 Pulchraque
796 877 861 932 et
906 871 1155 933 exactis
1198 871 1540 935 minimum
1585 871 1897 936 distantia
1945 872 2160 935 miror.

338 976 519 1040 Inter
562 997 727 1060 quae
770 973 1045 1039 verbum
1090 977 1356 1040 emicuit
1396 978 1452 1040 si
1498 978 1666 1042 forte
1710 978 2049 1060 decorum,
2095 985 2162 1040 et

338 1083 407 1146 Si
455 1102 687 1146 versus
730 1077 947 1165 paullo
994 1082 1375 1146 concinnior
1418 1105 1590 1147 unus
1636 1091 1702 1146 et
1740 1083 1938 1166 alter,

336 1189 587 1252 Iniuste
626 1193 834 1250 totuin
880 1182 1061 1248 ducit
1104 1186 1464 1276 venditque
1506 1211 1759 1276 poema.

334 1295 653 1379 Indignor
697 1289 1052 1377 quidquam
1094 1293 1519 1379 reprehendi,
1564 1317 1695 1359 non
1738 1295 1896 1382 quia
1940 1317 2160 1359 crasse

336 1398 783 1485 compositum
821 1395 1172 1484 illepideve
1215 1410 1515 1486 putetur,
1562 1402 1678 1467 sed
1723 1403 1878 1490 quia
1918 1424 2152 1488 nuper,

333 1506 472 1570 Nec
510 1506 770 1570 veniam
816 1505 1133 1590 antiquis,
1172 1505 1289 1570 scd
1327 1506 1637 1572 honorem
1683 1517 1751 1572 et
1789 1508 2080 1594 praemia
2118 1509 2320 1595 posci.

333 1615 536 1678 Recte
582 1631 789 1674 necne
830 1632 1087 1675 crocum
1131 1612 1454 1700 floresque
1496 1613 1904 1700 perambulet
1936 1615 2136 1678 Attae

332 1717 591 1782 Fabula
632 1717 687 1779 si
727 1714 1049 1799 dubitem,
1096 1718 1379 1784 clament
1416 1722 1691 1805 periisse
1725 1718 2039 1806 pudorem

334 1822 571 1888 Cuncti
614 1843 819 1908 paene
865 1831 1116 1908 patreS,
1163 1847 1242 1888 ea
1283 1847 1429 1889 cum
1474 1826 1954 1913 reprehendere
1993 1848 2221 1909 coner,

332 1929 517 2010 Quae
558 1929 781 2013 gravis
824 1929 1161 2017 AesopuS,
1204 1953 1373 2019 quae
1418 1932 1647 1996 doctus
1692 1932 1972 1996 Roscius
2017 1934 2182 2017 egit3

329 2036 453 2100 Vel
497 2035 651 2121 quia
695 2033 787 2096 nil
828 2044 1108 2119 rectum,
1154 2037 1285 2100 nisi
1328 2037 1504 2124 quod
1549 2038 1796 2124 placuit
1835 2039 1992 2122 sibi,
2041 2039 2321 2120 ducunt,

328 2141 453 2206 Vel
495 2143 651 2227 quia
691 2148 888 2228 turpe
924 2150 1158 2226 putant
1208 2164 1435 2229 parere
1479 2144 1876 2226 minoribuS,
1923 2153 1988 2208 et
2032 2165 2199 2231 quae

328 2246 665 2312 Imberbes
712 2248 1030 2332 didicere,
1082 2271 1271 2313 senes
1316 2249 1652 2336 perdenda
1699 2249 1911 2314 fateri.

327 2355 469 2419 Iam
516 2351 767 2419 Saliare
810 2353 1064 2420 Numae
1108 2378 1371 2420 carmen
1414 2355 1527 2442 qui
1571 2354 1796 2420 laudat
1836 2367 1899 2421 et
1942 2355 2137 2439 illud,

330 2460 523 2541 Quod
568 2482 819 2525 mecum
865 2463 1153 2547 ignorat,
1200 2462 1375 2526 solus
1420 2460 1563 2525 vult
1607 2462 1775 2525 scire
1822 2463 2065 2545 videri,

328 2565 619 2649 Ingeniis
660 2589 790 2630 non
832 2566 945 2631 ille
986 2568 1169 2633 favet
1205 2568 1588 2655 plauditque
1627 2570 1932 2653 sepultiS,

326 2670 567 2734 Nostra
612 2671 729 2735 sed
767 2673 1143 2759 impugnat,
1188 2696 1305 2738 nos
1350 2683 1702 2759 nostraque
1748 2674 1989 2739 lividus
2036 2674 2193 2739 odit.

328 2777 584 2859 Quodsi
620 2787 753 2842 tam
795 2778 1068 2842 Graecis
1110 2782 1369 2845 novitas
1415 2781 1633 2844 invisa
1675 2780 1910 2844 fuisset

327 2885 541 2966 Quam
585 2884 805 2968 nobis,
846 2886 1003 2973 quid
1047 2910 1221 2952 nunc
1264 2894 1437 2950 esset
1480 2886 1720 2949 vetus?
1762 2895 1874 2949 aut
1917 2887 2070 2974 quid
2118 2886 2420 2971 haberet,

326 2991 520 3071 Quod
558 2992 809 3077 legeret
852 3003 1221 3081 tereretque
1262 2994 1507 3059 viritim
1560 2992 1863 3078 publicus
1907 2998 2106 3056 usus?

324 3208 415 3271 Ut
454 3208 731 3294 primum
775 3207 1008 3293 positis
1047 3207 1281 3290 nugari
1322 3205 1606 3269 Graecia
1641 3204 1834 3269 bellis

326 3312 559 3398 Coepit
602 3321 665 3376 et
714 3315 783 3377 in
828 3314 1061 3379 vitium
1102 3314 1365 3377 fortuna
1406 3310 1620 3377 labier
1655 3332 1898 3395 aequa,

322 3418 513 3481 Nunc
557 3418 947 3482 athletarum
993 3420 1227 3483 studiis
1268 3440 1440 3482 nunc
1485 3419 1646 3481 arsit
1685 3440 2028 3503 equorum,

320 3524 667 3587 Marmoris
714 3532 823 3587 aut
868 3522 1084 3589 eboris
1126 3525 1351 3590 fabros
1398 3535 1512 3589 aut
1553 3525 1724 3589 aeris
1767 3527 2046 3609 amavit,

322 3628 678 3714 Suspendit
718 3630 895 3713 picta
935 3630 1185 3695 vultum
1231 3640 1644 3717 mentemque
1683 3630 1958 3713 tabella,

323 3735 515 3799 Nunc
558 3734 939 3799 tibicinibus
978 3757 1153 3799 nunc
1197 3745 1297 3801 est
1340 3738 1574 3821 gavisa
1615 3736 1982 3821 tragoedis;

320 3842 456 3908 Sub
495 3842 749 3905 nutrice
791 3840 1011 3926 puella
1052 3840 1235 3906 velut
1279 3843 1335 3905 si
1381 3841 1635 3905 luderet
1680 3840 1940 3920 infanS‚

319 3949 515 4030 Quod
559 3948 792 4035 cupide
833 3948 1053 4035 petiit,
1099 3956 1348 4011 mature
1389 3948 1586 4035 plena
1629 3946 1913 4033 reliquit.

319 4057 499 4138 Quid
543 4056 759 4143 placet
794 4063 908 4119 aut
950 4054 1100 4119 odio
1141 4062 1267 4137 est,
1310 4054 1485 4141 quod
1527 4077 1658 4120 non
1698 4055 2008 4120 mutabile
2052 4058 2333 4121 credas?

316 4164 461 4231 Hoc
499 4184 697 4249 paces
742 4162 1028 4227 habuere
1074 4162 1283 4225 bonae
1327 4162 1638 4246 ventique
1685 4160 1978 4224 secundi.

317 4270 563 4333 Romae
602 4266 791 4333 dulce
840 4267 953 4330 diu
999 4268 1126 4329 fuit
1174 4275 1240 4330 et
1284 4266 1594 4331 sollemne
1638 4265 1898 4331 reclusa

1759 4442 1790 4465 S

2711 1203 2764 1250 75

2712 1731 2764 1779 8⁰

2715 2261 2768 2308 85

2711 2787 2771 2836 90

2715 3424 2772 3472 95

2699 3956 2720 4004 l
2727 3955 2782 4003 00
