2919 4716
300 237 383 302 48
1214 259 1712 312 EPISTOLARUM

296 433 577 497 Valdius
622 429 905 496 oblectat
944 431 1257 518 populum
1300 433 1662 520 meliusque
1705 441 2024 520 moratur,

297 542 512 623 Quam
548 560 779 604 versus
824 539 1051 624 inopes
1094 559 1309 602 rerum
1351 560 1696 626 nugaeque
1739 561 2034 606 canorae.
2071 613 2077 618 Δ

296 648 517 714 Graiis
559 645 927 730 ingenium,
975 643 1197 708 Graiis
1244 643 1426 708 dedit
1471 667 1582 710 ore
1627 646 1904 710 rotundo

292 754 485 818 Musa
528 751 738 838 loqui,
781 759 1041 837 praeter
1084 749 1341 814 laudem
1387 752 1631 817 nullius
1677 754 1914 818 avaris

250 877 253 880 ’
292 859 572 926 Romani
617 859 803 944 pueri
847 856 1061 942 longis
1102 857 1467 922 rationibus
1507 879 1719 923 assem
2634 871 2726 922 325
2788 893 2792 899 ·

290 966 572 1030 Discunt
615 965 683 1027 in
724 972 943 1050 partes
991 971 1253 1028 centum
1292 963 1622 1029 diducere.
1709 966 1964 1050 „Dicat

288 1122 327 1158 „
341 1072 553 1136 Filius
598 1069 857 1134 Albini:
906 1068 976 1132 Si
1020 1068 1101 1132 de
1147 1070 1508 1155 quincunce
1549 1080 1799 1136 remota
1836 1080 1934 1136 est

288 1179 593 1266 „Uncia,
638 1175 797 1264 quid
839 1176 1152 1260 superat?
1200 1213 1283 1222 ——
1328 1176 1602 1240 Poteras
1645 1177 2202 1242 dixisseztriens!
2242 1180 2414 1244 .E⁴u!

288 1289 508 1374 „Rem
552 1283 797 1372 poteris
844 1303 1110 1346 servare
1150 1291 1350 1348 tuam.
1422 1283 1624 1349 Redit
1665 1285 1888 1366 uncia,
1941 1285 2098 1372 quid
2142 1286 2266 1350 fit?
2312 1326 2388 1335 —

286 1394 625 1480 ‚‚Semis.“
712 1391 803 1454 At
846 1388 1007 1453 haec
1054 1392 1305 1454 animos
1351 1411 1594 1474 aerugo
1641 1398 1704 1453 et
1748 1412 1904 1454 cura
1947 1391 2160 1478 peculi
2638 1399 2729 1450 330

288 1502 455 1567 Cum
495 1497 694 1564 semel
738 1497 1075 1580 imbuerit,
1118 1503 1457 1582 speramus
1505 1498 1794 1561 carmina
1830 1497 1991 1583 fingi

284 1609 489 1674 Posse
533 1605 800 1671 linenda
838 1604 1034 1668 cedro
1078 1613 1144 1668 et
1186 1605 1318 1668 levi
1362 1601 1690 1668 servanda
1735 1609 2098 1690 cupresso?

284 1822 420 1886 Aut
459 1817 771 1906 prodesse
819 1813 1081 1897 volunt,
1124 1820 1237 1878 aut
1280 1813 1606 1878 delectare
1647 1823 1911 1901 poetae,

282 1929 420 1992 Aut
458 1923 649 1990 simul
694 1929 761 1988 et
802 1921 1089 1986 iucunda
1132 1929 1197 1984 et
1238 1919 1476 1984 idonea
1520 1919 1738 1984 dicere
1775 1921 1976 1988 vitae.

284 2030 623 2118 Quidquid
666 2029 1058 2116 praecipieS,
1108 2035 1247 2092 esto
1296 2026 1546 2110 brevis,
1589 2035 1662 2091 ut
1703 2029 1833 2092 cito
1881 2028 2058 2092 dicta
2640 2036 2733 2090 335

279 2139 657 2224 Percipiant
697 2136 900 2199 animi
938 2133 1183 2199 dociles
1225 2140 1622 2218 teneantque
1664 2133 1924 2216 fideles;

279 2246 491 2308 Omne
533 2263 1007 2329 supervacuum
1034 2243 1248 2328 pleno
1288 2241 1367 2306 de
1411 2248 1678 2326 pectore
1723 2249 1968 2304 manat.

280 2351 471 2415 Ficta
508 2345 861 2434 voluptatis
900 2368 1106 2411 causa
1144 2349 1277 2428 sint
1318 2347 1623 2434 proxima
1664 2345 1870 2429 veris,

279 2458 417 2522 Nec
457 2454 891 2542 quodcunque
936 2451 1143 2535 volet,
1182 2461 1409 2540 poscat
1454 2452 1583 2517 sibi
1629 2451 1852 2517 fabula
1889 2456 2104 2537 credi,
2577 2532 2586 2539 μ

278 2564 425 2629 Neu
462 2582 741 2649 pransae
784 2559 1053 2624 Lamiae
1099 2560 1325 2624 vivum
1368 2581 1646 2647 puerum
1689 2560 1991 2625 extrahat
2036 2564 2208 2627 alvo,
2639 2571 2732 2623 340

278 2669 633 2741 Centuriae
678 2668 1003 2732 seniorum
1042 2646 1297 2751 agitant
1335 2666 1632 2753 expertia
1676 2666 1922 2753 frugis3
2367 2688 2371 2691 ·

282 2774 460 2842 Celsi
504 2780 925 2861 praetereunt
964 2783 1223 2837 austera
1266 2782 1567 2859 poemata
1603 2773 1919 2857 Ramnes3

198 2912 202 2916 ·
275 2886 486 2948 Omne
528 2878 682 2944 tulit
722 2887 1069 2967 punctum,
1118 2879 1229 2964 qui
1273 2880 1538 2943 miscuit
1573 2881 1734 2945 utile
1774 2881 1982 2967 dulci,

271 2992 615 3056 Lectorem
658 2984 1041 3050 delectando
1084 2988 1457 3073 pariterque
1503 2989 1841 3054 monendo.

272 3100 402 3165 Hic
448 3102 669 3169 meret,
696 3114 849 3157 aera
893 3090 1063 3156 liber
1108 3092 1345 3177 Sosiis,
1382 3093 1490 3159 hic
1533 3104 1599 3160 et
1638 3117 1818 3161 mare
1862 3098 2099 3161 transit
2637 3106 2732 3159 345

274 3208 363 3272 Et
404 3205 670 3289 longum
714 3208 867 3264 noto
914 3201 1215 3287 scriptori
1258 3211 1570 3289 prorogat
1610 3225 1868 3268 aevum.

273 3313 439 3377 Sunt
484 3308 721 3373 delicta
764 3315 1017 3390 tamen,
1062 3307 1299 3392 quibus
1344 3311 1681 3395 ignovisse
1717 3310 2030 3393 velimus;

270 3418 440 3482 Nam
483 3436 693 3501 neque
734 3412 975 3479 chorda
1018 3436 1248 3479 sonum
1286 3414 1536 3498 reddit,
1579 3438 1772 3502 quem
1815 3416 1960 3488 vult
1999 3436 2226 3480 man-us
2273 3426 2338 3481 et
2383 3440 2580 3482 mens
2597 3468 2616 3501 ‚

268 3524 705 3607 Poscentique
748 3542 1019 3605 gravem
1062 3542 1376 3609 persaepe
1422 3521 1694 3587 remittit
1739 3532 2032 3607 acutum,

267 3630 409 3695 Nec
454 3648 708 3713 semper
750 3625 971 3709 feriet,
1018 3630 1451 3717 quodcunque
1498 3630 1856 3695 minabitur
1905 3652 2130 3712 arcus;
2299 3666 2308 3675 ·
2631 3644 2727 3697 350

268 3738 516 3804 Verum
558 3732 671 3797 ubi
715 3731 903 3819 plura
946 3733 1158 3798 nitent
1198 3736 1267 3799 in
1311 3738 1629 3821 carmine,
1672 3757 1805 3801 non
1847 3757 1970 3822 ego
2013 3738 2238 3824 paucis

268 3842 583 3910 Offendar
620 3839 893 3904 maculis
911 3889 928 3922 ,
976 3862 1137 3927 quas
1178 3851 1291 3905 aut
1329 3844 1583 3909 incuria
1622 3842 1794 3906 fudit

266 3951 405 4016 Aut
446 3950 730 4015 humana
770 3968 999 4035 parum
1043 3950 1217 4015 cavit
1252 3942 1516 4015 natura.
1609 3947 1782 4029 Quid
1825 3970 1980 4033 ergo
2027 3950 2172 4013 est?
2283 4022 2286 4025 .

265 4059 359 4123 Ut
403 4057 681 4141 scriptor
720 4056 777 4119 si
816 4065 1048 4141 peccat
1087 4056 1262 4120 idem
1300 4056 1608 4123 librarius
1651 4076 1890 4143 usque,

268 4162 587 4241 Quamvis
634 4168 733 4225 est
778 4164 1095 4246 monitus,
1142 4164 1337 4228 venia
1380 4172 1592 4249 caret3
1635 4172 1710 4229 ut
1749 4163 2161 4255 citharoedus
2308 4172 2313 4177 '
2629 4177 2726 4229 355

266 4266 545 4329 Ridetur
562 4314 580 4347 ‚
626 4265 869 4329 chorda
912 4269 1024 4353 qui
1070 4289 1325 4355 semper
1367 4267 1630 4335 oberrat
1666 4270 1926 4336 eadem:
2157 4266 2164 4273 ’
