2919 4716
313 257 386 315 14
1225 264 1724 313 nmsrommm

307 438 400 501 Ut
439 458 704 521 magus,
751 445 816 500 et
857 436 1052 500 modo
1095 458 1198 499 me
1238 435 1485 500 Thebis
1526 435 1719 500 modo
1768 434 1952 520 ponit
1994 432 2299 496 Athenis·

307 651 552 713 Verum
597 669 720 733 age
765 656 832 712 et
867 647 1004 730 his,
1051 648 1164 735 qui
1211 670 1280 711 se
1324 646 1552 711 lectori
1596 646 1861 711 credere
1904 642 2155 707 malunt

308 755 522 835 Quam
562 756 950 840 spectatoris
995 754 1266 817 fastidia
1307 753 1480 817 ferre
1520 750 1817 837 superbi,

310 865 554 930 Curam
603 860 805 926 redde
849 862 1148 942 brevem,
1195 861 1250 923 si
1294 880 1529 921 munus
1573 856 1881 943 Apolline
1927 856 2197 940 dignum

307 972 425 1035 Vis
468 968 792 1055 complere
833 966 1022 1029 libris
1067 974 1132 1055 et
1173 965 1434 1029 vatibus
1478 964 1723 1027 addere
1768 962 2015 1042 calcar,

309 1076 402 1139 Ut
445 1076 658 1138 studio
701 1072 946 1137 maiore
991 1078 1219 1157 petant
1260 1068 1583 1134 Helicona
1622 1072 1962 1134 virentem.

308 1180 516 1245 Multa
556 1180 822 1265 quidem
861 1176 1050 1242 nobis
1086 1176 1361 1239 facimus
1405 1176 1579 1239 mala
1620 1197 1811 1259 saepe
1853 1180 2113 1261 poetae,

312 1288 434 1374 (Ut
476 1287 702 1350 vincta
745 1290 999 1369 egomet
1043 1283 1316 1345 caedam
1350 1282 1524 1367 mea)
1567 1303 1713 1345 cum
1759 1278 1877 1341 tibi
1922 1276 2159 1339 librum

310 1393 602 1457 Sollicito
651 1391 882 1455 damus
927 1396 1041 1453 aut
1085 1388 1293 1471 fess03
1339 1411 1486 1452 cum
1533 1386 1883 1464 laedimur,
1925 1404 2125 1443 unum

309 1500 376 1564 Si
423 1501 570 1585 quis
615 1499 968 1561 amicorum
1009 1504 1108 1559 est
1145 1517 1343 1559 ausus
1389 1492 1866 1581 reprehendere
1907 1508 2204 1567 versum3

311 1606 478 1669 Cum
516 1602 660 1666 loca
702 1602 831 1663 iam
875 1602 1148 1665 recitata
1187 1602 1586 1667 revolvimus
1626 1596 2011 1677 irrevocati3

310 1712 476 1774 Cum
522 1707 983 1787 lamentamur,
1037 1729 1168 1770 non
1209 1728 1526 1793 apparere
1569 1704 1825 1769 labores

309 1816 581 1879 Nostros
628 1819 690 1875 et
725 1814 906 1875 tenui
947 1812 1226 1876 deducta
1267 1822 1571 1898 poemata
1611 1810 1755 1891 filo,

311 1923 476 1987 Cum
515 1939 852 2005 speramus
897 1940 974 1983 eo
1018 1940 1154 1981 rem
1197 1930 1573 2000 venturam,
1622 1925 1725 1998 ut,
1772 1913 1965 1978 simul
2009 1922 2203 1999 atque

311 2029 621 2094 Carmina
669 2025 966 2089 rescieris
1019 2050 1138 2091 nos
1179 2027 1456 2113 fingere,
1500 2020 1874 2087 commodus
1917 2019 2085 2081 ultro

309 2132 626 2201 Arcessas
671 2143 735 2198 et
778 2157 970 2221 egere
1015 2142 1198 2197 vetes
1245 2141 1309 2197 et
1355 2129 1643 2195 scribere
1690 2148 1909 2210 cogaS.

309 2242 440 2307 Sed
483 2249 702 2305 tamen
751 2252 852 2305 est
895 2262 1132 2329 operae
1175 2240 1452 2326 pretium
1500 2243 1925 2319 cognoscere,
1972 2230 2197 2316 quales

307 2353 626 2417 Aedituos
667 2350 911 2414 habeat
956 2345 1113 2412 belli
1158 2353 1452 2434 spectata
1497 2342 1799 2426 domique
1958 2323 1965 2329 ’

310 2461 572 2542 VirtuS,
619 2457 892 2541 indigno
935 2477 1065 2520 non
1107 2449 1571 2518 committenda
1606 2455 1860 2534 poetae.

313 2567 558 2630 Gratus
595 2562 978 2628 Alexandro
1015 2555 1158 2640 regi
1203 2575 1440 2638 magno
1487 2551 1615 2614 fuit
1659 2548 1770 2612 ille

314 2672 688 2752 Choerilus,
737 2667 998 2731 incultis
1045 2663 1155 2750 qui
1199 2657 1505 2725 versibus
1548 2664 1612 2720 et
1653 2655 1821 2719 male
1861 2654 2029 2716 natis

312 2777 589 2841 Rettulit
634 2781 932 2858 acceptos
948 2818 966 2852 ,
1013 2765 1233 2850 regale
1278 2765 1627 2844 nomisma,
1666 2759 2026 2846 Philippos.

311 2883 439 2946 Sed
482 2880 690 2946 veluti
729 2885 1012 2942 tractata
1056 2880 1280 2936 notam
1321 2868 1663 2954 labemque
1705 2869 2043 2931 remittunt

311 2989 730 3069 Atramenta,
787 2983 928 3048 fere
977 2979 1326 3063 scriptores
1371 2976 1660 3039 carmine
1707 2971 1901 3038 foedo

313 3093 671 3182 Splendida
713 3091 890 3156 facta
926 3087 1160 3150 linunt.
1249 3082 1432 3146 Idem
1477 3102 1598 3143 rex
1639 3079 1780 3162 illc,
1824 3100 2090 3165 poema⁸

312 3203 442 3283 Qui
485 3211 618 3264 tam
661 3194 1012 3262 ridiculum
1055 3200 1191 3255 tam
1238 3210 1388 3252 care
1434 3187 1749 3273 prodigus
1796 3183 1980 3264 emit,

310 3310 549 3372 Edicto
595 3306 837 3385 vetuit,
887 3323 968 3364 ne
1015 3300 1159 3386 quis
1207 3317 1274 3358 se
1317 3302 1578 3379 praeter
1622 3291 1920 3376 Apelle-m

312 3416 659 3499 Pingeret,
711 3418 824 3474 aut
869 3407 1036 3470 alius
1081 3403 1374 3489 Lysippo
1421 3399 1687 3462 duceret
1730 3417 1884 3458 acra

312 3521 530 3584 Fortis
577 3515 945 3581 Alexandri
991 3511 1244 3577 vultum
1293 3504 1688 3570 simulantia.
1779 3501 2032 3581 Quodsi

312 3626 641 3690 Iudicium
687 3620 928 3686 subtile
973 3615 1278 3684 videndis
1311 3612 1579 3700 ‘artibus
1622 3607 1783 3671 illud

313 3733 420 3797 Ad
459 3731 663 3796 libros
711 3737 774 3795 et
818 3727 904 3791 ad
945 3726 1109 3790 haec
1152 3723 1489 3786 Musarum
1536 3717 1707 3781 dona
1751 3733 2021 3776 vocares
2037 3760 2054 3793 ,

316 3843 636 3906 Boeotum
680 3838 748 3902 in
796 3853 1018 3898 crasso
1063 3832 1316 3894 iurares
1361 3845 1512 3890 aere
1556 3829 1803 3884 natum.
2132 3805 2137 3810 ’

313 3950 404 4013 Α1;
445 3969 658 4033 neque
703 3941 1100 4008 dedecorant
1139 3944 1258 3999 tua
1302 3933 1384 3998 de
1429 3953 1499 3996 se
1538 3928 1783 3993 iudicia
1818 3934 2017 4010 atque

314 4057 620 4132 Munera,
665 4071 830 4136 quae
872 4045 1079 4110 multa
1125 4043 1342 4106 dantis
1387 4061 1537 4102 cum
1583 4034 1775 4098 laude
1812 4031 2104 4095 tulerunt

315 4159 560 4221 Dilecti
605 4156 732 4219 tibi
774 4153 1096 4236 Virgilius
1129 4149 1503 4230 Variusque
1546 4149 1809 4229 poetae,

315 4263 454 4326 Nec
497 4260 708 4341 magis
757 4259 1054 4341 expressi
1099 4255 1318 4318 vultus
1365 4271 1483 4336 per
1526 4248 1777 4310 ahenea
1822 4245 2053 4327 signa,

2684 762 2787 811 215

2684 1287 2781 1335 220

2680 1816 2775 1863 225

2672 2344 2767 2395 230

2668 2872 2766 2921 235

2668 3398 2769 3448 240

2677 3931 2773 3980 245
