2919 4716
292 215 373 278 48
1210 231 1702 282 amsi-omnum

295 384 411 467 „Si
459 380 815 470 pranderet
857 383 999 448 olus
1034 384 1391 470 patienter,
1434 385 1708 469 regibus
1747 387 1848 450 uti

295 487 563 574 „Nollet
604 487 1050 575 Aristippus.“
1119 490 1237 572 „Si
1282 491 1478 554 sciret
1521 490 1789 574 regibus
1835 493 1966 574 uti,

297 595 706 681 „Fastidiret
744 594 920 675 olus,
964 595 1079 681 qui
1116 617 1221 659 me
1264 599 1517 662 notat.“
1583 596 1812 661 Utrius
1843 595 2082 662 horum

234 692 251 712 ’
296 701 518 768 Verba
561 698 799 788 probes
842 709 909 763 et
951 699 1156 781 facta,
1200 701 1392 767 doce!
1453 702 1578 767 Vel
1619 701 1836 767 iunior
1869 702 2056 784 audi,

300 809 436 892 Cur
480 809 568 872 sit
608 804 933 891 Aristippi
974 806 1192 891 potior
1237 808 1584 872 sententia.
1655 805 1956 894 Namque

297 914 673 980 Mordacem
718 909 1041 998 Cynicum
1088 912 1183 975 sic
1220 911 1562 996 eludebat,
1607 921 1681 977 ut
1721 915 1940 978 aiunt:

298 1020 619 1106 „Scurror
658 1038 781 1102 ego
824 1017 967 1103 ipse
1012 1016 1202 1102 mihi,
1248 1016 1490 1104 populo
1527 1028 1636 1083 tu.
1677 1019 1922 1084 rectius
1965 1019 2088 1084 hoc
2131 1030 2196 1085 et

297 1123 765 1214 „Splendidius
806 1121 1011 1186 multo
1054 1130 1173 1186 est.
1252 1122 1482 1210 Equus
1527 1134 1600 1189 ut
1643 1147 1746 1188 me
1791 1133 2036 1246 portet,
2081 1127 2218 1190 alat
2259 1149 2410 1210 rex,

299 1231 652 1317 „Officium
693 1228 898 1309 facio;
942 1235 1017 1290 tu
1058 1229 1275 1314 poscis
1328 1227 1492 1293 vilia
1531 1253 1780 1313 rerum,

303 1338 571 1422 „Dante
610 1334 853 1415 minor,
900 1333 1202 1420 quamvis
1248 1332 1383 1398 fers
1419 1343 1485 1399 te
1525 1335 1768 1400 nullius
1811 1340 2176 1420 egentem.“

302 1443 533 1509 Omnis
576 1439 992 1524 Aristippum
1032 1436 1254 1502 decuit
1298 1438 1476 1507 color
1521 1449 1585 1504 et
1629 1447 1838 1506 status
1879 1439 1967 1506 et?
1981 1438 2128 1523 res,

300 1550 695 1628 Tentantem
742 1541 991 1608 maiora
1032 1541 1170 1606 fere
1184 1593 1201 1626 ,
1244 1545 1702 1631 praesentibus
1747 1568 2049 1634 aequum.

304 1656 581 1734 Contra,
626 1671 818 1738 quem
856 1647 1103 1737 duplici
1136 1671 1355 1736 panno
1395 1652 1716 1737 patientia
1751 1651 1960 1734 velat,

298 1760 591 1828 Mirabor
606 1808 625 1841 ,
672 1757 849 1822 vitae
892 1756 1004 1820 via
1047 1754 1101 1818 si
1149 1777 1466 1822 conversa
1507 1755 1786 1821 decebit.

300 1867 492 1933 Alter
536 1882 933 1952 purpureum
974 1881 1107 1924 non
1152 1862 1566 1948 exspectabit
1605 1863 1944 1945 amictum3

303 1973 647 2055 Quidlibet
689 1967 958 2034 indutus
1000 1966 1429 2031 celeberrima
1464 1989 1586 2053 per
1621 1967 1764 2033 loca
1797 1967 2029 2051 vadet,

303 2081 787 2164 Personamque
831 2072 1001 2139 feret
1042 2095 1174 2137 non
1212 2073 1640 2138 inconcinnus
1676 2083 2050 2162 utramque3

303 2185 493 2250 Alter
533 2181 747 2246 Mileti
796 2190 1047 2246 textam
1091 2201 1251 2244 cane
1292 2178 1479 2267 peius
1522 2188 1587 2242 et
1629 2182 1834 2266 angui

302 2289 560 2358 Vitabit
595 2287 1040 2376 chlamydem,
1082 2288 1394 2352 morietur
1440 2284 1708 2370 frigore,
1752 2287 1809 2351 si
1847 2310 1979 2353 non

301 2397 631 2464 Retuleris
674 2418 983 2485 pannum.
1072 2395 1278 2459 Refer
1312 2401 1379 2457 et
1424 2394 1564 2457 sine
1607 2393 1794 2458 vivat
1831 2394 2125 2479 ineptus!
2245 2460 2262 2477 ,

304 2505 439 2569 Res
487 2526 713 2590 gerere
758 2510 824 2566 et
864 2511 1087 2588 captos
1132 2500 1478 2565 ostendere
1521 2496 1777 2563 civibus
1819 2498 2078 2583 hostes,

263 2636 271 2647 ·
305 2611 597 2693 Attingit
636 2609 871 2673 solium
914 2607 1093 2672 Iovis
1138 2613 1204 2669 et
1248 2604 1559 2672 coelestia
1600 2613 1844 2688 tentat3

308 2715 725 2803 Principibus
767 2712 1095 2798 placuisse
1137 2712 1299 2776 viris
1335 2734 1468 2775 non
1510 2709 1740 2775 ultima
1781 2709 1924 2774 laus
1967 2720 2090 2775 est.

307 2822 458 2886 Non
496 2820 709 2884 cuivis
752 2817 1002 2882 homini
1043 2816 1362 2902 contingit
1404 2814 1588 2879 adire
1634 2814 2056 2899 Corinthum3

308 2927 495 2991 Sedit
530 2926 644 3013 qui
686 2924 937 3006 timuit,
980 2946 1063 2987 ne
1106 2945 1239 2988 non
1282 2920 1696 2987 succederet:
1743 2932 1905 2988 esto.

309 3032 485 3113 Quid
502 3082 520 3114 ,
565 3035 677 3120 qui
718 3031 1054 3121 pervenit,
1092 3029 1334 3094 fecitne
1376 3026 1703 3093 viriliter?
1768 3027 1974 3115 Atqui

2073 1732 2130 1766 b

310 3138 440 3203 Hic
484 3149 584 3203 est
620 3147 739 3203 aut
776 3159 1131 3225 nusquam,
1170 3133 1345 3223 quod
1387 3134 1784 3221 quaerimus.
1867 3134 1998 3197 Hic
2037 3156 2200 3201 onus
2245 3136 2496 3219 horret,

310 3244 401 3309 Ut
442 3245 663 3332 parvis
698 3244 939 3308 animis
978 3252 1043 3308 et
1082 3264 1287 3331 parvo
1327 3262 1596 3327 corpore
1630 3242 1874 3322 maius3

312 3348 443 3412 Hic
484 3351 693 3431 subit,
736 3358 803 3413 et
840 3350 1109 3436 perfert.
1191 3349 1328 3413 Aut
1367 3350 1582 3412 virtus
1623 3367 1861 3411 nomen
1902 3346 2098 3409 inane
2142 3354 2272 3427 est,

310 3453 449 3517 Aut
492 3453 691 3517 decus
740 3463 805 3517 et
838 3455 1119 3540 pretium
1158 3463 1339 3518 recte
1379 3454 1548 3538 petit
1583 3453 1930 3539 experiens
1974 3452 2097 3515 vir.
2135 3486 2222 3501 ---

316 3558 555 3621 Coram
595 3578 753 3640 rege
796 3578 915 3621 suo
958 3556 1039 3621 de
1076 3565 1459 3644 paupertate
1504 3564 1796 3621 tacentes

316 3661 477 3725 Plus
510 3669 818 3747 poscente
859 3661 1105 3727 ferent:
1152 3662 1387 3744 distat,
1430 3682 1734 3726 sumasne
1777 3661 2100 3749 pudenter

315 3769 427 3833 An
463 3767 717 3855 rapias3
758 3768 940 3853 atqui
975 3790 1193 3832 rerum
1234 3775 1433 3854 caput
1477 3766 1604 3831 hoc
1646 3774 1786 3830 erat
1798 3814 1816 3847 ,
1860 3765 1968 3829 hic
2011 3764 2182 3830 fons.

316 3874 668 3959 „Indotata
704 3871 865 3937 mihi
910 3894 1091 3937 soror
1134 3881 1235 3935 est
1250 3921 1267 3954 ,
1310 3871 1708 3957 paupercula
1748 3879 1956 3935 mater
1970 3920 1990 3954 ,

320 3979 453 4062 „Et
498 3978 741 4042 fundus
784 3996 907 4041 nec
944 3974 1299 4042 vendibilis
1342 3998 1466 4039 nec
1507 3994 1776 4062 pascere
1818 3975 2044 4039 firmus
2061 3978 2126 4057 ,“

321 4082 453 4162 Qui
497 4083 691 4164 dicit,
730 4082 998 4146 clamat:
1051 4080 1359 4165 „Victum
1402 4080 1554 4144 date
1572 4081 1634 4143 !“
1699 4081 1996 4147 Succinit
2037 4080 2231 4144 alter:

317 4186 451 4267 „Et
490 4186 733 4249 mihi!“
778 4185 1047 4250 dividuo
1091 4186 1377 4251 findetur
1419 4207 1690 4248 munere
1733 4185 2006 4270 quadra.

2695 616 2768 664 15

2671 3780 2738 3829 45
