2919 4716
353 256 430 317 18
1269 266 1763 316 EPISTULARUM

349 437 539 523 „Res
574 444 766 521 urget
807 459 910 501 me
952 436 1165 520 nulla3
1209 460 1356 503 meo
1401 460 1545 502 sum
1592 460 1841 526 pauper
1882 438 1953 502 in
1996 460 2167 502 aere.

348 545 614 628 „Nemo
655 543 777 608 hoc
819 564 1213 629 mangonum
1257 544 1507 609 faceret
1543 544 1702 625 tibi;
1744 566 1877 608 non
1920 551 2165 608 temere
2205 566 2245 607 a
2288 566 2391 606 me

349 651 642 735 „Quivis
685 648 888 714 ferret
933 649 1126 713 idem.
1219 648 1430 714 Semel
1476 648 1581 713 hic
1624 650 1911 713 cessavit
1954 657 2048 731 et,
2098 658 2172 712 ut
2220 649 2323 732 fit,

350 758 488 842 „In
539 757 734 823 scalis
771 756 962 820 latuit
1005 764 1302 821 metucns
1345 754 1691 843 pendentis
1736 753 2029 819 habenae
2046 760 2118 837 ,“

354 863 494 929 Des
539 884 834 928 nummos
849 862 882 944 ,'
909 870 1188 948 excepta
1229 862 1393 926 nihil
1435 870 1499 925 te
1546 860 1601 923 si
1646 859 1807 944 fuga
1846 861 2081 944 laedit,

352 965 475 1033 Ille
519 970 687 1033 ferat
729 971 1006 1056 pretium
1049 990 1298 1055 poenae
1343 988 1643 1047 securus,
1689 965 1939 1050 opinor.

353 1074 652 1139 Prudens
699 1075 916 1137 emisti
961 1074 1297 1157 vitiosum,
1345 1074 1522 1138 dicta
1566 1069 1687 1135 tibi
1732 1079 1832 1134 est
1875 1070 2001 1135 lex.

353 1179 730 1266 Insequeris
765 1188 985 1243 tamen
1026 1178 1199 1243 hunc
1245 1188 1310 1243 et
1351 1178 1465 1242 lite
1510 1178 1782 1240 moraris
1828 1178 2097 1262 iniqua?

227 1438 235 1445 -
354 1396 517 1459 Dixi
554 1416 658 1458 me
699 1393 957 1479 pigrum
999 1378 1440 1477 proficiscenti
1482 1390 1606 1454 tibi
1622 1438 1640 1471 ,
1688 1389 1827 1453 dixi

355 1500 628 1564 Talibus
674 1498 912 1564 officiis
957 1519 1160 1584 prope
1201 1516 1537 1577 mancum,
1582 1518 1666 1559 nc
1710 1515 1857 1558 mea
1902 1516 2139 1561 saevus

354 1609 661 1693 Iurgares
708 1604 792 1669 ad
837 1614 902 1668 te
943 1602 1116 1690 quod
1161 1600 1440 1689 epistola
1490 1600 1673 1665 nulla
1716 1602 1978 1667 rediret.

358 1713 538 1795 Quid
577 1721 712 1775 tum
759 1710 1040 1797 profeci,
1083 1729 1336 1771 mecum
1378 1706 1690 1772 facientia
1734 1710 1881 1772 iura

359 1821 431 1885 Si
469 1830 688 1883 tamen
735 1820 1059 1879 attentas?
1125 1813 1436 1894 Quereris
1476 1836 1673 1901 super
1709 1815 1831 1878 hoc
1876 1816 2102 1896 etiam,
2144 1817 2315 1901 quod

359 1926 761 2011 Exspectata
801 1920 926 1984 tibi
971 1941 1102 1983 non
1145 1921 1395 1983 mittam
1441 1922 1733 1985 carmina
1776 1921 2082 1986 mendax.

359 2028 620 2096 Luculli
659 2028 847 2092 miles
891 2026 1166 2091 collecta
1209 2027 1454 2091 viatica
1498 2027 1720 2091 multis

358 2137 739 2218 Aerumnis,
779 2134 990 2198 lassus
1027 2134 1184 2199 dum
1221 2144 1418 2198 noctu
1462 2135 1707 2217 stertit,
1753 2135 1838 2199 ad
1878 2156 2089 2199 assem

361 2242 781 2324 Perdiderat3
826 2248 976 2326 post
1019 2239 1140 2305 hoc
1177 2239 1533 2306 vehemens
1574 2240 1766 2325 lupus
1812 2250 1877 2305 et
1921 2240 2047 2305 sibi
2088 2248 2151 2304 et
2188 2241 2359 2304 hosti

361 2351 578 2416 Iratus
619 2348 898 2436 pariter,
941 2347 1179 2413 ieiunis
1225 2345 1531 2412 dentibus
1572 2367 1754 2429 acer,

363 2455 776 2522 Praesidium
819 2453 1042 2538 regale
1087 2452 1227 2519 loco
1275 2453 1541 2533 deiecit,
1586 2460 1658 2516 ut
1697 2457 1912 2537 aiunt,

363 2566 626 2630 Summe
667 2561 914 2626 munito
959 2569 1025 2623 et
1071 2561 1417 2624 multarum
1458 2559 1665 2624 divite
1709 2582 1946 2624 rerum.

367 2669 602 2734 Clarus
654 2665 735 2732 ob
780 2665 851 2728 id
895 2666 1140 2728 factum
1187 2666 1375 2730 donis
1421 2674 1691 2731 ornatur
1728 2667 2019 2733 honestis
2034 2714 2051 2748 ,

362 2771 626 2857 Accipit
669 2778 734 2833 et
776 2771 876 2833 bis
917 2770 1086 2834 dena
1130 2792 1325 2856 super
1365 2774 1687 2861 sestertia
1709 2796 2066 2838 nummum.

361 2877 560 2940 Forte
604 2875 725 2939 sub
772 2875 894 2940 hoc
935 2883 1189 2960 tempus
1233 2875 1575 2940 castellum
1612 2888 1907 2945 evertere
1947 2890 2205 2966 praetor

363 2983 602 3048 Nescio
645 2982 820 3069 quod
861 2983 1163 3069 cupienS,
1207 2980 1455 3046 hortari
1500 2985 1716 3071 coepit
1760 2985 2035 3049 eundem

363 3090 625 3173 Verbis,
669 3111 836 3178 quae
871 3088 1096 3153 timido
1143 3110 1400 3174 quoque
1439 3099 1710 3174 possent
1752 3091 1992 3156 addere
2028 3100 2346 3155 mentem:

362 3196 489 3281 „I,
534 3195 736 3278 bone,
780 3218 908 3279 quo
956 3195 1166 3260 virtus
1211 3205 1324 3260 tua
1361 3205 1424 3260 te
1459 3206 1685 3280 vocat,
1728 3198 1751 3260 i
1788 3198 1955 3284 pede
2004 3198 2252 3280 faustO,

363 3301 724 3385 „Grandia
767 3302 1018 3368 laturus
1060 3302 1436 3366 meritorum
1480 3304 1803 3388 praemia!
1888 3302 2065 3383 Quid
2108 3305 2352 3368 stas?“

363 3411 522 3475 Post
566 3409 727 3474 haec
765 3409 875 3473 ille
919 3417 1137 3490 catus,
1176 3409 1594 3494 quantumvis
1632 3411 1944 3474 rusticus:
1992 3460 2031 3492 „
2052 3409 2215 3492 Ibit,

365 3517 557 3600 „Ibit
601 3537 710 3598 eo,
755 3538 880 3601 quo
925 3516 1061 3599 vie,
1102 3517 1214 3601 qui
1254 3537 1488 3579 zonam
1532 3515 1895 3601 perdidit,“
1934 3516 2163 3602 inquit.

365 3622 613 3685 Romae
659 3622 894 3685 nutriri
937 3621 1098 3684 mihi
1137 3622 1411 3706 contigit
1453 3630 1649 3706 atque
1694 3622 1942 3704 doceri,

363 3727 582 3792 Iratus
627 3727 848 3793 Graiis
891 3736 1206 3815 quantum
1241 3728 1581 3792 nocuisset
1622 3726 1936 3792 Achilles.

364 3837 687 3901 Adiecere
730 3834 940 3900 bonae
985 3835 1204 3922 paullo
1249 3831 1396 3920 plus
1433 3834 1593 3898 artis
1638 3832 1971 3917 Athenae,

367 3944 634 4008 Scilicet
668 3952 740 4006 ut
781 3939 1019 4004 vellem
1059 3962 1257 4005 curvo
1301 3937 1687 4021 dignoscere
1727 3949 2009 4022 rectum,

363 4050 584 4134 Atque
629 4050 799 4111 inter
843 4047 1044 4112 silvas
1088 4047 1405 4111 Academi
1450 4071 1762 4134 quaerere
1806 4070 2056 4112 verum.

364 4154 554 4216 Dura
597 4153 714 4216 sed
757 4175 1056 4218 emovere
1092 4151 1234 4216 loco
1279 4175 1382 4217 me
1425 4163 1723 4246 tempora
1763 4163 1986 4241 grato,

365 4253 729 4337 Civilisque
777 4258 1006 4321 rudem
1046 4258 1205 4322 belli
1247 4260 1398 4322 tulit
1436 4268 1657 4324 aestus
1702 4262 1770 4324 in
1811 4281 2021 4342 arma,

2744 1404 2791 1449 20

2740 2463 2794 2513 3⁰
2848 2537 2850 2566 Ι

2738 3524 2796 3573 40

2740 4053 2811 4102 45-
