2919 4716
197 216 234 277 8
1106 226 1599 275 EPISTOLARUM

195 380 303 445 Ad
346 399 693 443 summam:
741 378 1004 463 sapiens
1038 401 1168 443 uno
1213 378 1426 443 minor
1464 387 1567 443 est
1608 378 1802 461 Iove,
1850 378 2069 462 dives,

196 486 429 569 Liber,
471 485 822 549 honoratus
836 532 855 566 ,
893 484 1193 569 pulcher,
1237 506 1359 550 rex
1391 484 1673 570 denique
1712 506 1943 570 regum
1958 532 1977 568 ,

197 591 556 677 Praecipue
595 610 823 673 sanus,
865 590 995 653 nisi
1038 611 1186 653 cum
1227 591 1467 677 pituita
1508 589 1785 655 molesta
1826 599 1946 655 est.

944 750 978 800 Χ,

979 804 1048 905 *N
1113 840 1473 905 EPISTOLA
1503 840 1593 906 ΙΙ.

838 979 955 1039 AD
997 979 1387 1041 LOLLIUM
1431 979 1873 1071 MAXIMUM.

198 1130 469 1195 Troiani
511 1128 672 1195 belli
716 1129 1130 1215 scriptorem,
1172 1126 1461 1191 Maxime
1504 1126 1709 1210 Lolli,

195 1237 375 1301 Dum
417 1244 490 1299 tu
535 1234 862 1300 declamas
906 1233 1182 1314 Romae,
1226 1231 1581 1295 Praeneste
1618 1231 1857 1317 relegi,

197 1336 362 1419 Qui,
400 1336 560 1422 quid
603 1336 688 1400 sit
734 1336 1107 1426 pulchrum,
1155 1337 1314 1423 quid
1354 1345 1573 1423 turpe,
1620 1336 1781 1424 quid
1824 1336 2015 1419 utile,
2060 1339 2221 1425 quid
2262 1363 2427 1425 non,

196 1441 468 1507 Planius
511 1463 590 1505 ac
631 1441 866 1505 melius
916 1441 1286 1529 Chrysippo
1331 1451 1399 1507 et
1441 1442 1757 1507 Crantore
1802 1441 1981 1507 dicit.

201 1550 332 1611 Cur
361 1547 457 1610 ita
501 1547 923 1629 crediderim,
960 1548 1090 1610 nisi
1131 1547 1291 1634 quid
1329 1556 1396 1611 te
1437 1548 1717 1631 detinet,
1762 1546 1939 1612 audi.

199 1650 492 1734 Fabula,
540 1674 670 1739 qua
714 1652 974 1717 Paridis
1017 1661 1282 1739 propter
1327 1664 1630 1718 narratur
1672 1676 1957 1719 amorem

199 1756 484 1824 Graecia
525 1758 872 1824 barbariae
921 1758 1098 1822 lento
1143 1758 1372 1823 collisa
1411 1758 1666 1843 duello,

196 1862 558 1929 Stultorum
593 1884 824 1949 regum
870 1872 936 1928 et
974 1862 1362 1951 populorum
1407 1864 1699 1929 continet
1732 1876 1975 1931 aestus.

199 1969 501 2034 Antenor
543 1978 767 2035 censet
807 1970 968 2037 belli
1008 1970 1386 2056 praecidere
1430 1991 1729 2036 causam:

200 2074 379 2155 Quid
413 2073 605 2138 Paris
621 2052 660 2157 ἰ
683 2084 757 2139 ut
800 2075 1024 2141 salvus
1061 2084 1294 2161 regnet
1334 2079 1646 2161 vivatque
1689 2078 1921 2142 beatus
1939 2076 2000 2149 ἳ,
2027 2156 2041 2165 η

201 2178 369 2263 Cogi
410 2200 604 2266 posse
646 2190 864 2268 negat.
952 2181 1193 2248 Nestor
1237 2202 1625 2271 componere
1665 2179 1814 2245 lites

198 2282 396 2347 Inter⁴
427 2280 700 2351 Peliden
747 2287 1023 2353 festinat
1065 2295 1130 2352 et
1164 2284 1336 2354 inter
1377 2287 1695 2353 Atriden:

198 2389 394 2454 Hunc
437 2411 648 2476 amor,
692 2393 792 2458 ira
825 2395 1090 2481 quidem
1135 2397 1563 2462 communiter
1599 2394 1731 2457 urit
1772 2400 2143 2477 utrumque.

201 2495 541 2582 Quidquid
580 2497 864 2564 delirant
899 2521 1120 2585 reges,
1164 2498 1542 2586 plectuntur
1579 2498 1858 2563 Achivi!

200 2601 568 2683 Seditione’,
610 2601 777 2667 dolis
793 2651 813 2685 ,
855 2604 1097 2668 scelere
1142 2613 1335 2690 atque
1378 2602 1657 2667 libidine
1701 2610 1767 2667 et
1802 2603 1904 2665 ira

199 2707 439 2772 Iliacos
483 2706 655 2771 intra
696 2729 916 2773 muros
960 2714 1271 2794 peccatur
1315 2716 1380 2772 et
1425 2716 1635 2772 extra.

203 2814 457 2878 Rursus
467 2861 485 2894 ,
525 2812 686 2898 quid
724 2814 936 2879 virtus
979 2821 1044 2877 et
1088 2813 1250 2899 quid
1291 2815 1618 2902 sapientia
1660 2812 1896 2900 possit,

207 2917 387 2983 Utile
425 2919 764 3006 proposuit
801 2919 992 2984 nobis
1038 2919 1374 3006 exemplar
1413 2918 1693 3001 Ulixen,

204 3024 337 3105 Qui
378 3023 656 3089 domitor
698 3023 934 3090 Troiae
976 3023 1329 3089 multorum
1372 3024 1686 3110 providus
1728 3022 1924 3088 urbes

200 3131 291 3196 Et
330 3120 546 3195 mores
580 3129 914 3195 hominum
958 3131 1276 3218 inspexit,
1313 3130 1645 3217 latumque
1690 3150 1808 3216 per
1841 3151 2117 3214 aequor,

202 3237 382 3304 Dum
427 3236 590 3317 sibi,
631 3234 784 3300 dum
816 3236 1024 3303 ‘sociis
1069 3236 1352 3303 reditum
1390 3245 1609 3323 parat,
1654 3257 1890 3322 aspera
1928 3234 2133 3298 multa

203 3343 514 3424 Pertulit,
553 3340 855 3406 adversis
901 3365 1120 3408 rerum
1158 3342 1616 3408 immersabilis
1658 3341 1876 3406 undis.

205 3449 509 3514 Sirenum
545 3467 741 3510 voces
786 3456 851 3510 et
887 3447 1122 3511 Circae
1159 3449 1645 3535 pocula'nosti;

208 3554 392 3635 Quae
436 3553 494 3615 si
539 3571 682 3613 cum
729 3551 925 3614 sociis
969 3550 1207 3615 stultus
1246 3554 1655 3641 cupidusque
1695 3553 2010 3636 bibisset,

204 3659 340 3724 Sub
383 3657 647 3723 domina
687 3659 1028 3722 meretrice
1072 3657 1309 3724 fuisset
1344 3661 1585 3746 turpis,
1626 3667 1695 3723 et
1730 3680 1963 3726 excors

203 3765 500 3831 Vixisset
541 3762 722 3828 canis
768 3762 1144 3827 immundus
1186 3764 1292 3829 vel
1337 3767 1551 3829 amica
1592 3765 1731 3829 luto
1776 3786 1906 3829 sue.

201 3873 340 3938 Nos
385 3893 695 3936 numerus
742 3892 965 3936 sumus
1011 3878 1078 3934 et
1113 3869 1338 3956 fruges
1383 3890 1767 3935 consumere
1811 3869 1981 3950 nati,

204 3977 443 4064 Sponsi
485 3977 854 4064 Penelopae
871 4027 891 4061 ,
935 3975 1295 4044 nebulones
1310 4024 1328 4058 ,
1367 3975 1759 4060 Alcinoique

202 4084 285 4149 In
327 4092 475 4147 cute
517 4083 809 4146 curanda
851 4085 1001 4171 plus
1045 4103 1252 4170 aequo
1297 4089 1567 4168 operata
1606 4081 1911 4144 iuventus
1926 4129 1945 4162 ,

207 4188 332 4255 Cui
375 4185 714 4276 pulchrum
759 4187 886 4252 fuit
925 4189 996 4252 in
1035 4188 1286 4253 medios
1331 4184 1614 4250 dormire
1659 4185 1799 4250 dies
1843 4192 1909 4249 et

2563 2090 2629 2141 10

2566 2609 2631 2658 15

2562 3137 2631 3187 20

2562 3668 2631 3717 25

2560 4195 2629 4248 30
