2919 4716
256 225 337 286 24
1182 235 1677 284 EPISTOLABUM

256 408 441 489 Quae
485 406 715 494 priscis
760 411 1117 470 memorata
1162 404 1524 472 Catonibus
1569 413 1764 494 atque
1810 408 2118 495 Cethegis

256 513 447 578 Nunc
489 512 653 578 situs
698 511 995 578 informis
1038 512 1275 597 premit
1316 518 1383 576 et
1420 513 1682 578 deserta
1723 522 2050 598 vetustas3

254 623 605 690 Adsciscet
646 641 853 697 nova,
888 639 1057 704 quae
1098 619 1357 704 genitor
1397 620 1784 705 produxerit
1826 642 2018 704 usus;

254 732 623 798 Vehemens
668 739 733 796 et
770 729 1059 816 liquidus
1092 745 1385 813 puroque
1426 725 1796 792 simillimus
1841 729 2018 792 amni

254 837 519 902 Fundet
559 831 747 923 op'es,
794 835 1189 920 Latiumque
1228 831 1453 896 beabit
1489 831 1692 898 divite
1727 833 1986 920 lingua3

254 943 693 1009 Luxuriantia
736 949 1135 1029 compescet,
1182 938 1377 1002 nimis
1420 960 1656 1026 aspera
1699 963 1858 1006 sano

254 1043 539 1116 Levabit
580 1047 793 1133 cultu,
836 1053 1080 1114 virtute
1104 1046 1415 1112 ‘carentia
1457 1046 1642 1116 tollet
1659 1097 1678 1132 ,

254 1157 575 1222 Ludentis
614 1157 899 1242 speciem
944 1155 1128 1220 dabit
1168 1162 1233 1218 et
1274 1153 1716 1240 torquebitur,
1761 1162 1835 1218 ut
1873 1156 1986 1240 qui

253 1263 444 1328 Nunc
490 1262 831 1349 Satyrum,
872 1283 1049 1327 nunc
1088 1271 1415 1346 agrestem
1461 1260 1754 1348 Cyclopa
1798 1271 2117 1326 movetur.

254 1368 683 1435 Praetulerim
721 1371 999 1456 scriptor
1042 1367 1287 1433 delirus
1324 1369 1632 1455 inersque
1671 1366 1914 1449 videri,

253 1477 435 1540 Dum
474 1496 621 1540 mea
664 1475 993 1542 delectent
1034 1473 1207 1538 mala
1248 1497 1351 1540 me
1390 1475 1498 1540 vel
1540 1473 1822 1560 denique
1867 1472 2132 1556 fallant,

257 1584 472 1665 Quam
511 1604 743 1670 sapere
786 1593 851 1647 et
886 1582 1107 1668 ringi‘?
1148 1581 1303 1646 Fuit
1343 1580 1522 1646 haud
1560 1581 1874 1666 ignobilis
1918 1581 2152 1667 Argis,

257 1691 389 1772 Qui
434 1712 505 1754 se
547 1688 857 1754 credebat
898 1689 1093 1752 miros
1130 1687 1359 1752 audire
1394 1687 1744 1772 tragoedos
1821 1693 1830 1702 '

254 1798 337 1862 In
378 1817 586 1861 vacuo
633 1793 843 1858 laetus
888 1814 1105 1858 sessor
1148 1794 1542 1880 plausorque
1585 1793 1872 1878 theatro,

255 1903 493 1969 Cetera
533 1901 647 1987 qui
686 1901 863 1965 vitae
906 1907 1197 1965 servaret
1240 1901 1464 1964 munia
1505 1907 1683 1965 recto

253 2009 463 2087 More,
498 2006 712 2072 bonus
750 2027 909 2071 sane
945 2007 1237 2090 vicinus,
1280 2005 1582 2070 amabilis
1617 2006 1885 2093 hospes,

257 2115 475 2182 Comis
514 2116 585 2178 in
626 2135 931 2198 uxorem,
974 2121 1199 2201 posset
1239 2113 1351 2200 qui
1392 2117 1733 2200 ignoscere
1777 2114 2018 2196 servis,

254 2221 342 2285 Et
387 2221 575 2306 signo
623 2220 801 2286 laeso
846 2244 977 2286 non
1020 2220 1307 2286 insanire
1348 2219 1654 2306 lagenae,

253 2327 485 2394 Posset
530 2327 643 2414 qui
684 2349 911 2415 rupem
956 2339 1021 2394 et
1065 2337 1329 2416 puteum
1372 2325 1584 2390 vitare
1627 2333 1988 2413 patentem,

252 2435 381 2499 Hic
424 2434 537 2499 ubi
582 2444 1008 2519 cognatorum
1044 2434 1275 2519 opibus
1322 2434 1626 2518 curisque
1669 2430 1954 2496 refectus

252 2540 530 2629 Expulit
572 2540 905 2607 helleboro
950 2541 1249 2606 morbum
1292 2540 1624 2626 bilemque
1667 2560 1960 2620 meraco,

252 2645 341 2710 Et
378 2646 551 2711 redit
586 2646 671 2711 ad
716 2670 887 2713 sese:
927 2648 1135 2731 „Pol,
1176 2671 1279 2713 me
1326 2646 1695 2727 occidistis,
1731 2645 1958 2727 amici,

252 2751 457 2837 „Non
494 2754 811 2818 servastis
828 2756 871 2791 “
910 2755 1035 2838 ait,
1078 2756 1243 2836 „cui
1282 2756 1377 2819 sic
1420 2760 1678 2819 extorta
1713 2752 2018 2837 voluptas

252 2858 396 2943 „Et
439 2858 693 2925 demtus
732 2882 851 2945 per
892 2861 1025 2925 vim
1072 2862 1307 2926 mentis
1350 2861 1764 2946 gratissimus
1807 2858 2073 2925 error!“

254 3071 577 3137 Nimirum
622 3093 850 3158 sapere
896 3081 995 3138 est
1043 3072 1313 3139 abiectis
1354 3071 1514 3137 utile
1558 3072 1786 3157 nugis,

252 3178 341 3242 Et
376 3180 835 3264 tempestivum
880 3181 1101 3266 pueris
1140 3178 1498 3243 concedere
1542 3175 1801 3258 ludum,

249 3285 349 3349 Ac
398 3307 530 3349 non
565 3283 770 3350 verba
815 3285 1000 3371 sequi
1044 3282 1287 3349 fidibus
1330 3282 1728 3349 modulanda
1772 3282 2061 3365 Latinis,

251 3389 382 3455 Sed
423 3412 619 3455 verae
660 3410 1095 3477 numerosque
1138 3391 1494 3476 modosque
1539 3387 1830 3452 ediscere
1871 3390 2066 3453 vitae.

252 3495 572 3576 Quocirca
614 3515 869 3558 mecum
911 3496 1141 3583 loquor
1185 3498 1347 3561 haec
1390 3496 1764 3580 tacitusque
1809 3497 2144 3562 recordor:

253 3602 324 3666 Si
363 3601 485 3666 tibi
525 3599 707 3666 nulla
738 3601 915 3664 sitim
958 3602 1175 3668 finiret
1216 3603 1408 3691 copia
1444 3601 1784 3689 lymphae,

250 3708 571 3773 Narrares
614 3706 922 3771 medicis:
964 3710 1136 3797 quod
1152 3761 1169 3794 ,
1213 3718 1455 3797 quanto
1502 3707 1692 3795 plura
1735 3710 2019 3795 parasti,
2089 3766 2098 3775 .

250 3815 461 3879 Tanto
501 3814 691 3901 plura
735 3815 953 3899 cupis,
1002 3815 1251 3883 nulline
1288 3817 1558 3881 faterier
1603 3814 1857 3879 audes?

252 3922 322 3987 Si
358 3921 598 3988 vulnus
641 3919 761 3985 tibi
809 3928 1169 3986 monstrata
1211 3923 1456 3988 radice·
1477 3921 1586 3986 vel
1630 3920 1834 3986 herba

249 4029 398 4094 Non
425 4029 613 4093 fieret
658 4018 871 4093 levius
888 4077 905 4110 ,
955 4026 1219 4113 fugeres
1262 4028 1486 4093 radice
1528 4028 1636 4093 vel
1680 4028 1885 4094 herba

250 4134 641 4201 Proficiente
682 4133 846 4198 nihil
891 4136 1211 4199 curarier:
1257 4134 1595 4218 audieras,
1643 4135 1748 4200 cui

249 4240 414 4303 Rem
448 4238 519 4303 di
564 4240 919 4320 donarent,
960 4234 1078 4303 illi‘
1105 4238 1423 4304 decedere
1465 4262 1740 4325 pravam
1829 4249 1835 4255 '

2621 747 2720 798 120

2623 1273 2721 1321 125

2626 1809 2728 1859 130

2626 2333 2727 2386 135

2628 2875 2732 2925 140

2630 3520 2734 3570 145

2629 4052 2736 4101 150
