2919 4716
334 251 416 311 42
1248 260 1739 312 EPISTULARUM

335 416 503 481 Vilis
546 423 612 480 et
654 414 967 500 agninae,
1008 413 1219 478 tribus
1263 415 1437 479 ursis
1483 415 1658 502 quod
1703 416 1862 480 satis
1909 423 2113 500 esset,

336 522 603 588 Scilicet
646 529 719 584 ut
754 527 1019 585 ventres
1059 518 1279 585 lamna
1320 520 1640 586 candente
1683 530 1990 610 nepotum

332 631 605 694 Diceret
644 626 927 692 urendos
974 635 1303 691 correctus
1348 625 1647 711 Bestius3
1695 626 1904 710 idem,

333 734 672 822 Quidquid
712 741 851 798 erat
886 743 1117 799 nactus
1162 731 1445 821 praedae
1482 733 1778 816 maioris,
1822 734 1939 798 ubi
1983 756 2174 800 omne

331 843 637 907 Verterat
676 841 748 903 in
788 838 1037 902 fumum
1082 846 1147 902 et
1188 839 1505 922 cinerem,
1552 839 1744 923 „Non
1786 839 2051 904 hercule
2093 839 2370 918 miror,“

330 947 576 1014 Aiebat
616 947 721 1030 „si
767 941 878 1031 qui
920 943 1269 1008 comedunt
1316 943 1521 1028 bona,
1565 967 1714 1010 cum
1756 947 1842 1010 sit
1885 946 2084 1011 obeso

329 1051 485 1138 „Nil
526 1051 761 1117 melius
798 1049 1019 1132 turdo,
1065 1047 1159 1114 nil
1200 1051 1405 1116 vulva
1446 1051 1784 1140 pulchrius
1831 1050 2118 1139 ampla.“

328 1160 651 1224 Nimirum
692 1156 800 1222 hic
842 1177 965 1242 ego
1011 1176 1187 1220 sum:
1236 1179 1391 1220 nam
1430 1165 1574 1222 tuta
1619 1165 1684 1222 et
1725 1157 2002 1245 parvula
2037 1156 2264 1237 laude,

331 1266 499 1331 Cum
537 1288 642 1330 res
682 1262 1023 1346 deficiunt,
1072 1263 1231 1327 satis
1276 1263 1451 1326 inter
1494 1262 1655 1328 vilia
1694 1263 1917 1348 fortis3

327 1372 573 1436 Verum
616 1370 732 1434 ubi
777 1369 937 1455 quid
984 1368 1215 1434 melius
1262 1369 1586 1454 contingit
1631 1377 1696 1434 et
1739 1372 2038 1452 unctius,
2089 1369 2262 1433 idem

330 1476 465 1541 Vos
514 1497 742 1562 sapere
785 1482 850 1538 et
896 1472 1066 1538 solos
1112 1474 1215 1537 aio
1254 1473 1425 1539 bene
1467 1475 1726 1560 vivere,
1773 1498 2047 1563 quorum

328 1581 749 1670 Conspicitur
792 1581 1021 1646 nitidis
1068 1579 1343 1645 fundata
1384 1582 1666 1667 pecunia
1709 1580 1910 1646 villis.

118 1776 369 1902 Mt}
400 1892 408 1902 .
1073 1770 1098 1801 N
1144 1832 1542 1898 ‘Erls‘roLA
1586 1829 1774 1896 XVI.

66 1887 667 2041 ΜΧΦΗΗΖΥῙ
838 2015 843 2020 -
1074 1971 1201 2032 AD
1237 1970 1860 2067 „QUINOTIUNL

324 2123 424 2185 Ne
463 2119 899 2209 perconteriS,
944 2117 1189 2184 fundus
1234 2141 1454 2204 meus,
1508 2123 1748 2209 optime
1796 2119 2104 2202 Quincti,

322 2231 505 2295 Arvo
545 2233 775 2315 pascat
817 2223 1075 2310 herum,
1122 2247 1209 2290 an
1250 2227 1432 2291 bacis
1478 2227 1812 2315 opulentet
1851 2225 2064 2291 olivae
2085 2276 2104 2309 ,

325 2334 665 2416 Pomisne,
713 2354 799 2397 an
837 2332 1079 2417 pratis,
1126 2355 1212 2398 an
1254 2335 1496 2399 amicta
1536 2334 1786 2400 vitibus
1831 2333 2006 2398 ulmo
2025 2383 2044 2416 ,

322 2441 657 2506 Scribetur
695 2438 825 2503 tibi
873 2439 1086 2503 forma
1126 2438 1488 2527 loquaciter
1532 2450 1598 2506 et
1645 2443 1812 2505 situs
1856 2440 2020 2526 agri.

321 2547 631 2613 Continui
671 2542 962 2627 montes,
1014 2546 1084 2608 ni
1128 2530 1566 2613 dissocientur
1606 2568 1811 2635 opaca

318 2652 541 2732 Valle,
588 2650 705 2713 sed
753 2656 829 2713 ut
872 2652 1143 2715 veniens
1190 2652 1495 2717 dextrum
1539 2654 1711 2718 latus
1755 2652 2080 2739 adspiciat
2127 2653 2255 2735 sol,

318 2759 615 2822 Laevum
662 2754 1007 2819 discedens
1052 2778 1249 2820 curru
1286 2756 1581 2843 fugiente
1621 2767 1916 2845 vaporet.

319 2861 729 2949 Temperiem
768 2858 1018 2925 laudes.
1087 2860 1313 2943 Quid?
1362 2865 1418 2927 si
1461 2863 1832 2929 rubicunda
1873 2864 2147 2949 benigni

321 2970 539 3035 Corna
582 2990 817 3055 vepres
864 2975 929 3030 et
971 2990 1182 3054 pruna
1225 2967 1472 3053 ferant,
1519 2972 1577 3035 si
1622 2992 1900 3055 quercus
1943 2978 2007 3034 et
2048 2970 2185 3034 ilex

314 3076 525 3141 Multa
566 3076 755 3161 fruge
798 3097 999 3163 pecus
1014 3126 1033 3159 ,
1076 3077 1283 3142 multa
1320 3075 1654 3143 dominum
1705 3075 1888 3142 iuvet
1927 3075 2190 3158 umbra,

314 3184 521 3247 Dicas
560 3182 914 3248 adductum
956 3184 1224 3280 propius
1270 3181 1575 3247 frondere
1623 3182 1999 3247 Tarentum.

314 3291 491 3355 Fons
538 3290 734 3353 etiam
776 3289 921 3353 rivo
966 3287 1121 3351 dare
1166 3309 1402 3353 nomen
1436 3287 1745 3369 idoneuS,
1791 3296 1864 3350 ut
1907 3310 2030 3353 nec

313 3395 649 3480 Frigidior
684 3354 1013 3457 Tliracam
1051 3416 1172 3458 nec
1213 3395 1435 3479 purior
1477 3392 1723 3457 ambiat
1763 3391 2026 3459 Hebrus
2041 3444 2059 3477 ,

313 3499 580 3564 Infirmo
622 3499 825 3584 capiti
868 3498 1013 3561 fluit
1055 3498 1269 3579 utilis,
1314 3499 1498 3564 utilis
1545 3498 1716 3565 alvo.

312 3605 459 3670 Hae
501 3602 795 3667 latebrae
842 3600 1099 3684 dulceS,
1146 3604 1373 3687 etiam,
1419 3608 1479 3670 si
1525 3604 1772 3687 crediS,
1825 3627 2171 3688 amoenae,

312 3708 715 3775 Incolumem
758 3706 883 3772 tibi
924 3728 1028 3771 me
1082 3718 1417 3793 praestant
1464 3710 1954 3797 Septembribus
1998 3711 2198 3775 horis.

314 3816 419 3880 Tu
456 3824 631 3880 recte
675 3816 884 3899 vivis,
933 3815 987 3878 si
1032 3835 1223 3879 curas
1268 3836 1413 3879 esse
1458 3815 1634 3903 quod
1679 3816 1893 3880 audis.

311 3906 643 3987 Iactamus
684 3922 815 3984 iam
853 3920 1107 4008 pridem
1152 3920 1359 3985 omnis
1402 3929 1468 3985 te
1510 3922 1719 3987 Roma
1759 3920 2056 4003 beatum3

312 4027 445 4091 Sed
487 4048 747 4111 vereor,
788 4050 871 4092 ne
918 4028 1026 4091 cui
1072 4026 1152 4091 de
1189 4035 1254 4091 te
1290 4024 1436 4113 plus
1478 4047 1674 4113 quam
1713 4025 1837 4091 tibi
1883 4025 2112 4091 credas
2130 4074 2147 4109 ,

309 4132 495 4197 Neve
537 4140 727 4216 putes
774 4131 975 4195 alium
1014 4133 1310 4219 sapiente
1346 4129 1650 4216 bonoque
1692 4131 1992 4214 beatum,

298 4234 490 4315 Neu,
540 4235 596 4297 si
638 4242 702 4298 te
746 4232 1024 4319 populus
1070 4256 1300 4300 sanum
1344 4241 1652 4319 recteque
1692 4235 2021 4303 valentem

2723 431 2784 482 35

2723 953 2781 1002 40

2715 1485 2775 1535 45

2689 3100 2750 3151 10

2670 4148 2736 4198 20
