2919 4716
283 273 363 335 28
1195 290 1687 339 EplsTOLARUM

1091 416 1134 471 Χ
1183 458 1543 525 ΕΡῙεΤοιΑ
1590 460 1715 526 ΙΧ.

898 600 1018 661 ΑΙ)
1068 598 1519 667 CLAUDIUM
1554 602 2000 664 NERONEM.

284 752 673 839 SeptimiuS,
713 748 982 831 Claudi,
1027 747 1334 811 nimirum
1375 747 1687 833 intelligit
1727 772 1928 832 unuS,

285 857 530 939 Quanti
568 878 672 921 me
715 855 956 919 facias:
1001 876 1153 918 nam
1194 876 1341 918 cum
1384 862 1575 939 rogat
1608 864 1675 919 et
1716 878 1908 942 prece
1944 862 2152 943 cogit,

285 964 550 1028 Scilicet
589 970 662 1025 ut
703 959 827 1025 tibi
872 981 942 1023 se
986 960 1252 1025 laudare
1298 968 1363 1023 et
1403 960 1662 1025 tradere
1707 982 1939 1045 coner,

282 1072 577 1157 Dignum
613 1074 832 1131 mente
879 1066 1196 1153 domoque
1233 1065 1513 1151 legentis
1555 1065 1831 1130 hones-ta
1874 1067 2185 1153 Neronis,

282 1178 555 1243 Munere
603 1196 750 1238 cum
795 1172 985 1257 fungi
1021 1174 1342 1260 propioris
1388 1180 1612 1236 censet
1655 1175 1881 1257 amici,

283 1283 461 1364 Quid
504 1282 748 1369 possim
789 1279 972 1344 videt
1015 1300 1092 1341 ac
1134 1280 1320 1343 novit
1363 1300 1467 1341 me
1510 1276 1770 1343 valdius
1812 1280 1976 1367 ipso,

279 1388 490 1454 Multa
533 1387 795 1474 quidem
839 1386 1011 1468 dixi,
1059 1406 1173 1449 cur
1207 1394 1559 1452 excusatus
1603 1383 1884 1469 abirem3

282 1496 413 1560 Sed
456 1495 678 1576 timui,
721 1514 868 1557 mea
913 1514 996 1556 ne
1044 1492 1318 1557 finxisse
1357 1492 1611 1557 minora
1650 1500 1951 1578 putarer,

279 1599 749 1665 Dissimulator
791 1599 932 1685 opis
975 1602 1305 1685 propriae,
1349 1599 1511 1663 mihi
1554 1600 1929 1664 commodus
1978 1603 2140 1665 uni.‘

281 1707 390 1770 Sic
431 1727 586 1791 ego,
627 1706 894 1769 maioris
938 1705 1202 1791 fugiens
1247 1701 1597 1793 opprobria
1638 1705 1869 1792 culpae
1887 1756 1906 1789 ,

278 1814 542 1877 Frontis
589 1812 675 1876 ad
717 1811 1011 1877 urbanae
1057 1812 1369 1877 desc-endi
1410 1815 1721 1899 praemia.
1813 1814 2067 1896 Quodsi

278 1920 670 2007 Depositum
709 1917 942 1982 laudas
985 1918 1066 1982 ob
1110 1920 1306 1983 amici
1348 1920 1533 1984 iussa
1574 1921 1925 2008 pudorem,

280 2026 506 2091 Scribe
551 2027 650 2091 tui
692 2028 914 2111 gregis
951 2023 1156 2107 hunc,
1203 2033 1267 2089 et
1306 2024 1540 2089 fortem
1584 2026 1775 2090 crede
1799 2025 2207 2113 bonumque.

1192 2277 1547 2344 EPISTOLA
1590 2281 1678 2345 X.

931 2418 1051 2478 AD
1097 2419 1447 2480 FUSOUM
1497 2421 1935 2482 ARISTIUM.

274 2568 476 2633 Urbis
522 2576 874 2631 amatorem
920 2567 1206 2630 Fuscum
1252 2567 1508 2632 salvere
1548 2568 1848 2633 iubemus

275 2676 473 2739 Ruris
512 2681 835 2738 amatores
852 2722 870 2755 ,
914 2671 1038 2735 hac
1072 2673 1140 2735 in
1184 2695 1254 2736 re
1294 2673 1547 2739 scilicet
1592 2695 1725 2738 una

272 2781 552 2845 Multum
593 2779 977 2862 dissimiles3
1025 2788 1092 2842 at
1141 2787 1360 2845 cetera
1405 2803 1615 2866 paene
1659 2782 1923 2866 gemelli

272 2889 328 2952 F
331 2889 612 2953 raternis
656 2886 896 2948 animis
939 2885 1261 2972 quidquid
1300 2897 1499 2974 negat
1538 2889 1736 2971 alter,
1782 2897 1848 2952 et
1888 2884 2085 2972 alter,

269 2996 640 3060 Annuimus
686 2993 952 3081 pariter.
1042 2992 1263 3056 Vetuli
1307 2995 1575 3081 nffitique
1622 2993 1908 3060 columbi

269 3102 374 3166 Tu
416 3101 643 3165 nidum
690 3120 947 3181 servas,
995 3121 1116 3184 ego
1165 3098 1358 3163 laudo
1400 3103 1568 3164 ruris
1614 3101 1870 3166 amoeni

268 3210 473 3292 Rivos
513 3217 578 3272 et
620 3227 845 3270 musco
891 3204 1257 3268 circumlita
1303 3229 1466 3270 saxa
1510 3230 1889 3294 nemusque.

269 3315 446 3396 Quid
489 3311 798 3401 quaeris?
868 3311 1020 3377 vivo
1065 3322 1129 3376 et
1172 3336 1407 3398 regno,
1453 3315 1647 3378 simul
1690 3316 1821 3378 ista
1864 3315 2133 3401 reliqui,

269 3421 458 3500 Quae
497 3442 616 3485 vos
658 3418 743 3482 ad
793 3416 1044 3482 coelum
1090 3419 1336 3483 effertis
1372 3441 1629 3484 rumore
1672 3421 1989 3504 secund03

267 3527 486 3611 thue
533 3523 890 3589 sacerdotis
938 3523 1259 3606 fugitivus
1305 3526 1440 3590 liba
1495 3548 1755 3592 recuso:

267 3633 446 3695 Pane
486 3651 648 3716 egeo
686 3631 817 3692 iam
859 3625 1124 3690 mellitis
1167 3633 1418 3714 potiore
1462 3635 1803 3721 placentis·

267 3739 508 3804 Vivere
550 3745 824 3802 naturae
862 3736 919 3799 si
957 3739 1422 3804 convenienter
1469 3750 1756 3827 oportet,

265 3845 746 3932 Ponendaeque
791 3843 980 3907 domo
1023 3845 1398 3930 quaerenda
1435 3855 1537 3911 est
1581 3831 1735 3911 area
1778 3849 2096 3933 primum,

263 3952 610 4017 Novistine
650 3951 863 4015 locum
906 3949 1225 4037 potiorem
1265 3975 1414 4016 rure
1458 3952 1703 4018 beato?

263 4053 387 4119 Est
423 4054 539 4120 ubi
573 4057 719 4143 plus
765 4063 1030 4144 tepeant
1076 4056 1322 4122 hiemes
1339 4108 1358 4140 ,
1401 4058 1516 4122 ubi
1562 4059 1809 4144 gratior
1853 4079 2015 4121 aura

261 4161 507 4224 Leniat
545 4170 608 4225 et
645 4159 895 4224 rabiem
939 4163 1121 4225 canis
1157 4171 1222 4226 et
1263 4173 1593 4227 momenta
1634 4164 1875 4246 leoniS,

267 4265 434 4330 Cum
477 4264 678 4330 semel
720 4267 974 4352 accepit
1015 4266 1215 4332 solem
1249 4267 1645 4332 furibundus
1688 4269 2001 4334 acutum?

2647 1712 2715 1763 10

2578 3497 2708 3587 '10

2634 4073 2703 4124 15
