2919 4716
203 221 284 284 58
1115 229 1607 278 EPISTOLARUM

201 388 378 452 Dum
423 383 645 449 studet
683 383 976 449 urbanus
1021 383 1360 471 tenditque
1401 382 1685 448 disertus
1730 381 1979 447 haberi.

202 492 469 578 Decipit
513 489 848 573 exemplar
884 490 1066 555 vitiis
1109 489 1450 555 imitabile.
1520 488 1772 570 Quodsi

203 601 530 668 Pallerem
573 617 762 679 casu,
807 595 1109 661 biberent
1151 609 1493 682 exsangue
1536 596 1887 660 cuminum.

204 711 263 777 O
307 710 670 774 imitatores
686 753 704 786 ‚
751 724 1012 768 servum
1053 717 1256 789 pecus
1272 753 1292 787 ‚
1333 711 1408 768 ut
1431 701 1607 769 mihi
1658 723 1851 790 saepe

201 817 446 897 Bilem,
487 830 680 896 saepe
725 808 940 873 iocum
981 811 1189 874 vestri
1229 831 1497 875 movere
1536 809 1885 874 tumultus!

203 924 451 990 Libera
488 938 606 1006 per
647 935 929 980 vacuum
971 916 1160 1002 posui
1202 917 1483 1002 vestigia
1524 917 1863 1003 princeps,

202 1031 351 1095 Non
389 1025 608 1090 aliena
650 1041 794 1084 meo
835 1021 1046 1107 pressi
1087 1023 1276 1109 pede.
1367 1022 1501 1103 Qui
1544 1021 1673 1096 sibi
1714 1021 1903 1100 fidet,

203 1137 364 1203 Dux
405 1137 588 1216 reget
631 1148 928 1192 examen.
1013 1127 1244 1193 Parios
1287 1150 1410 1214 ego
1454 1129 1703 1216 primus
1744 1129 1989 1192 iambos

203 1233 481 1309 Ostendi
523 1234 750 1318 Latio,
791 1255 1094 1299 numeros
1137 1236 1522 1322 animosque
1567 1243 1832 1300 secutus

201 1343 614 1425 Archilochi,
657 1362 788 1405 non
827 1361 934 1404 res
973 1349 1038 1406 et
1077 1344 1344 1429 agentia
1385 1341 1593 1406 verba
1632 1339 2029 1429 Lycamben.

203 1455 304 1520 Ac
353 1489 430 1500 --
477 1472 560 1514 ne
598 1470 704 1512 me
749 1446 928 1512 foliis
971 1448 1122 1514 ideo
1165 1448 1577 1515 brevioribus
1620 1469 1841 1530 ornes,

207 1558 400 1640 Quod
439 1556 628 1620 timui
673 1561 928 1618 mutare
971 1555 1200 1621 modos
1248 1564 1314 1622 et
1355 1554 1665 1620 carminis
1710 1559 1913 1616 artem
1954 1589 2041 1602 —-

206 1665 557 1750 Temperat
593 1659 975 1726 Archilochi
1017 1682 1272 1729 musam
1315 1662 1483 1749 pede
1522 1657 1813 1723 mascula
1858 1653 2149 1744 Sappho,

205 1770 556 1856 Temperat
592 1767 914 1847 Alcaeus,
966 1765 1082 1829 sed
1129 1767 1326 1832 rebus
1373 1775 1438 1831 et
1483 1765 1709 1831 ordine
1753 1763 1977 1850 dispar

203 1875 342 1940 Nec
390 1895 684 1940 socerum
727 1872 1010 1960 quaerit,
1053 1893 1247 1960 quem
1294 1872 1599 1946 versibus
1641 1869 1893 1935 oblinat
1934 1871 2093 1934 atris
2108 1917 2127 1951 ‚

203 1981 342 2046 Nec
388 2003 666 2068 sponsae
710 1979 1015 2066 laqueum
1055 1979 1306 2045 famoso
1347 1979 1633 2044 carmine
1676 1977 1903 2042 nectit.

202 2086 397 2151 Hunc
438 2108 590 2172 ego,
635 2109 766 2152 non
809 2084 939 2150 alio
985 2085 1229 2150 dictum
1269 2088 1452 2173 prius
1499 2105 1641 2165 ore,
1682 2081 1961 2148 Latinus

201 2193 490 2280 Vulgavi
531 2192 794 2257 fidicen.
861 2191 1060 2258 Iuvat
1099 2194 1543 2258 immemorata
1587 2191 1903 2256 ferentem

201 2297 518 2386 Ingenuis
559 2298 896 2387 oculisque
936 2296 1068 2384 legi
1108 2297 1539 2387 manibusque
1582 2299 1813 2364 teneri.

203 2406 382 2471 Scire
418 2404 618 2489 velis,
663 2428 812 2471 mea
855 2428 972 2470 cur
1015 2407 1311 2493 ingratus
1354 2405 1669 2495 opuscula
1706 2405 1909 2471 lector

200 2512 458 2580 Laudet
501 2520 799 2600 ametque
842 2513 1050 2596 domi,
1091 2520 1344 2599 premat
1389 2522 1577 2600 extra
1617 2512 1817 2576 limen
1856 2512 2121 2599 iniquus
2141 2510 2177 2575 ⁶?

199 2618 346 2682 Non
391 2639 512 2702 ego
553 2626 870 2682 ventosae
913 2617 1128 2703 plebis
1175 2618 1491 2705 suffragia
1530 2638 1737 2686 venor

199 2710 522 2810 Impensis
561 2744 911 2788 coenarum
951 2733 1017 2789 et
1059 2726 1250 2789 tritae
1291 2744 1559 2791 munere
1606 2724 1845 2807 vestis3

197 2831 344 2897 Non
389 2851 512 2916 ego
526 2878 546 2912 ‚
592 2827 912 2893 nobilium
953 2832 1339 2918 scriptorum
1383 2832 1645 2897 auditor
1686 2840 1753 2897 et
1792 2831 1993 2914 ultor,

200 2936 680 3003 Grammaticas
721 2936 970 3001 ambire
1013 2936 1226 3002 tribus
1271 2947 1336 3003 et
1371 2938 1627 3027 pulpita
1664 2936 1921 3023 dignor.

196 3046 374 3113 Hinc
415 3042 570 3109 illae
611 3042 942 3109 lacrimae.
1030 3043 1324 3131 „Spissis
1367 3044 1645 3131 indigna
1684 3044 1955 3109 theatris

196 3153 494 3239 „Scripta
535 3150 738 3239 pudet
775 3151 1054 3215 recitare
1101 3157 1167 3214 et
1207 3150 1400 3235 nugis
1443 3150 1688 3217 addere
1726 3152 2029 3237 pondus“

199 3261 269 3326 Si
314 3260 487 3344 dixi3
531 3257 824 3343 ‚‚Rides“
867 3258 992 3340 ait,
1041 3264 1151 3340 „et
1189 3256 1368 3323 Iovis
1414 3256 1685 3322 auribus
1728 3258 1857 3321 ista

192 3366 510 3451 „Servas3
556 3364 706 3429 fidis
757 3364 962 3447 enim,
1006 3385 1274 3429 manare
1318 3364 1575 3450 poetica
1614 3362 1813 3427 mella

192 3470 332 3555 „Te
375 3472 582 3535 solum
596 3520 615 3554 ‚
659 3468 785 3534 tibi
819 3470 1158 3555 pulcher.“
1220 3469 1330 3534 Ad
1375 3469 1538 3535 haec
1586 3490 1709 3554 ego
1746 3471 2013 3536 naribus
2054 3475 2151 3537 uti

193 3576 502 3642 Formido
546 3584 640 3660 et,
686 3574 992 3640 luctantis
1035 3584 1226 3641 acuto
1267 3598 1352 3640 ne
1391 3598 1574 3642 secer
1612 3578 1851 3663 ungui,

195 3682 565 3769 „Displicet
606 3682 732 3746 iste
773 3680 1002 3745 locus“
1047 3680 1289 3764 clam0‚
1337 3689 1402 3745 et
1445 3680 1697 3747 diludia
1739 3706 1959 3770 posco.

192 3787 420 3854 Ludus
467 3788 640 3852 enim
683 3786 912 3873 genuit
947 3786 1273 3874 trepidum
1309 3795 1637 3853 certamen
1682 3798 1748 3853 et
1786 3790 1951 3855 iram
1968 3842 1981 3867 ,

172 3896 302 3961 .Ira
341 3906 556 3959 truces
600 3891 976 3958 inimicitias
1021 3902 1087 3958 et
1129 3891 1405 3959 funebre
1449 3891 1713 3958 bellum.

2564 819 2631 869 20

2558 1882 2639 1935 301

2555 2417 2629 2468 35.

2554 2946 2626 2996 40

2554 3482 2624 3531 45
