2919 4716
293 267 374 328 50
1212 273 1703 322 smsromnuu

295 431 428 496 Sed
469 429 712 494 tacitus
751 429 936 512 pasci
967 428 1024 490 si
1065 435 1288 513 posset
1327 449 1599 508 corvus,
1643 425 1917 490 haberet

297 533 456 600 Plus
503 533 726 618 dapis,
775 539 842 593 et
882 531 1068 594 rixae
1111 532 1314 598 multo
1357 534 1577 596 minus
1621 527 2065 615 invidiaeque.

295 638 724 704 Brundisium
763 657 978 700 comes
1022 644 1136 699 aut
1179 635 1567 702 Surrentum
1612 634 1846 700 ductus
1868 626 2233 698 'amoenum
2251 683 2269 716 ,

299 744 431 825 Qui
474 744 772 830 queritur
811 739 1102 805 salebras
1147 749 1214 804 et
1254 741 1565 806 acerbum
1610 741 1821 826 frigus
1866 748 1935 803 ct
1970 740 2247 821 imbres,

299 851 438 915 Aut
481 849 716 914 cistam
743 845 1097 914 ,effractam
1141 853 1206 908 et
1248 845 1573 918 subducta
1612 847 1858 912 viatica
1901 843 2115 930 plorat
2129 895 2147 928 ,

298 956 472 1020 Nota
509 954 714 1019 refert
761 950 1124 1016 meretricis
1161 952 1497 1032 acumina,
1542 972 1738 1038 saepe
1780 950 2115 1033 catellam,

303 1060 510 1147 Saepe
551 1053 1008 1144 periscelidem
1051 1063 1304 1141 raptam
1351 1055 1479 1119 sibi
1514 1055 1733 1120 flentis
1748 1105 1765 1138 ,
1812 1056 1910 1120 uti
1944 1077 2099 1120 mox

300 1164 516 1242 Nulla,
541 1163 703 1227 fides
750 1161 1006 1226 damnis
1049 1161 1354 1245 verisque
1393 1159 1726 1225 doloribus
1764 1161 1959 1224 adsit.

300 1269 440 1333 Nec
485 1266 688 1332 semel
729 1268 964 1331 irrisus
1002 1264 1220 1330 triviis
1265 1264 1563 1330 attollere
1606 1273 1791 1330 curat

304 1375 544 1440 Fracto
582 1395 770 1438 crure
814 1371 1114 1458 planum,
1160 1369 1315 1436 licet
1351 1369 1450 1434 illi
1492 1369 1772 1456 plurima
1806 1379 2029 1436 manet
2150 1383 2159 1390 ·

299 1481 640 1561 Lacrima,
686 1500 805 1565 per
850 1487 1152 1542 sanctum
1185 1479 1440 1542 iuratus
1490 1473 1667 1538 dicat
1710 1473 1984 1538 Osirim:

307 1583 622 1667 „Credite
639 1633 658 1666 ,
697 1604 830 1646 non
865 1583 1056 1666 lud03
1093 1580 1390 1648 crudeles
1407 1629 1424 1661 ,
1470 1577 1677 1642 tollite
1709 1577 2087 1648 claudum!“

307 1689 612 1773 „Quaere
655 1689 1080 1773 peregrinum
1100 1689 1163 1751 !“
1208 1685 1456 1754 vicinia
1494 1703 1695 1748 rauca
1734 1679 2067 1748 reclamat.

1137 1936 1497 2000 Ems'ronA
1535 1933 1795 2000 XVIII.

1055 2076 1118 2138 Α
1148 2077 1209 2136 D
1296 2075 1351 2136 L
1390 2073 1444 2135 Ο
1482 2075 1537 2136 L
1572 2076 1625 2134 L
1659 2076 1692 2134 I
1724 2075 1785 2136 U
1818 2075 1906 2133 M.

305 2227 376 2290 Si
420 2227 588 2292 bene
629 2233 694 2289 te
741 2225 932 2308 novi,
977 2232 1260 2306 metues,
1308 2221 1641 2290 liberrime
1676 2222 1883 2304 Lolli,

305 2331 676 2397 Scurrantis
717 2330 1002 2418 speciem
1044 2328 1360 2417 praebere
1378 2378 1396 2413 ,
1442 2330 1780 2418 professus
1825 2327 2128 2392 amicum.

303 2436 396 2501 Ut
437 2444 736 2501 matrona
779 2436 1108 2501 meretrici
1153 2436 1379 2523 dispar
1414 2438 1539 2501 erit
1581 2443 1777 2523 atque

303 2541 642 2624 Discolor,
688 2540 892 2605 infido
939 2560 1202 2603 scurrae
1248 2540 1525 2605 distabit
1550 2541 1855 2608 amicusae

303 2647 427 2711 Est
468 2645 622 2710 huic
659 2646 992 2711 diversum
1031 2645 1194 2709 vitio
1237 2644 1472 2709 vitium
1515 2666 1716 2730 prope
1754 2643 1997 2723 maius,

301 2750 643 2838 Asperitas
689 2750 972 2834 agrestis
1015 2757 1080 2812 et
1120 2749 1515 2814 inconcinna
1556 2750 1948 2835 gravisque,

302 2854 490 2935 Quae
535 2861 684 2917 cute
731 2876 799 2917 se
843 2854 1105 2917 intonsa
1147 2853 1585 2935 commendat,
1628 2854 1937 2920 dentibus
1973 2852 2133 2918 atris
2152 2902 2171 2936 ,

300 2961 480 3026 Dum
521 2960 668 3026 vult
707 2958 978 3025 libertas
1028 2958 1160 3023 dici
1204 2980 1386 3023 mera
1425 2982 1716 3048 veraque
1752 2960 1985 3025 virtus.

299 3066 528 3132 Virtus
575 3075 677 3131 est
720 3064 1010 3131 medium
1049 3064 1359 3131 vitiorum
1401 3074 1467 3129 et
1502 3068 1835 3154 utrimque
1869 3066 2232 3131 reductum.

297 3173 520 3255 Alter,
564 3172 632 3237 in
681 3173 1070 3260 obsequium
1112 3171 1260 3259 plus
1303 3194 1511 3259 aequo
1555 3195 1799 3259 pronus
1845 3180 1913 3237 et
1954 3168 2072 3234 iini

297 3279 574 3345 Derisor
609 3278 800 3364 lecti,
845 3281 942 3345 sic
984 3287 1214 3343 nutum
1261 3278 1491 3345 divitis
1535 3277 1785 3362 horret,
2080 3290 2087 3295 ’

301 3385 410 3448 Sic
459 3385 664 3450 iterat
704 3408 900 3452 voces
939 3394 1004 3450 et
1048 3385 1252 3451 verba
1294 3385 1599 3450 cadentia
1637 3383 1841 3467 tollit,

297 3487 390 3551 Ut
431 3510 712 3574 puerum
759 3512 957 3556 saevo
1003 3488 1233 3553 credas
1277 3489 1525 3555 dictata
1566 3491 1885 3577 magistro

299 3591 598 3657 Reddere
621 3643 638 3677 ,
681 3594 789 3660 vel
830 3604 1051 3682 partes
1089 3596 1357 3660 mimum
1395 3604 1677 3663 tractare
1722 3594 2078 3676 secundas;

297 3697 485 3761 Alter
524 3700 790 3765 rixatus
829 3700 910 3764 de
950 3698 1103 3764 lana
1149 3722 1343 3787 saepe
1391 3705 1692 3791 caprina,

296 3802 679 3890 Propugnat
730 3806 923 3891 nugis
941 3854 960 3889 ,
1005 3811 1294 3869 armatus
1340 3807 1622 3873 scilicet:
1668 3808 1807 3891 „Ut
1848 3831 1982 3874 non

294 3906 442 3991 „Sit
482 3909 648 3974 mihi
693 3912 906 3998 prima
937 3910 1102 3975 fides
1145 3918 1244 3994 et,
1293 3934 1450 3977 vere
1497 3914 1673 4001 quod
1708 3913 1954 4001 placet,
1998 3920 2073 3977 ut
2110 3930 2243 3977 non

295 4014 602 4098 „Acriter
651 4016 919 4080 elatrem
935 4014 968 4078 ἱ)
1011 4019 1296 4101 pretium
1338 4006 1521 4082 aetas
1568 4019 1774 4085 altera
1816 4018 2106 4085 sordet.“

293 4118 678 4205 Ambigitur
718 4118 878 4207 quid
922 4122 1144 4185 enim?
1207 4122 1444 4190 Castor
1489 4128 1655 4191 sciat
1709 4148 1796 4191 an
1831 4125 2146 4191 Dolichos
2188 4124 2374 4211 plus;

301 4222 725 4291 Brundisium
759 4224 1011 4291 Minuci
1059 4228 1297 4295 melius
1352 4232 1464 4296 via
1508 4234 1704 4296 ducat
1748 4253 1836 4295 an
1876 4233 2075 4318 Appi.
2121 4268 2196 4279 -

2658 439 2735 490 50

2662 953 2729 1002 55

2662 1490 2736 1541 60

2678 3193 2747 3241 10

2676 3721 2745 3772 15

2676 4239 2748 4290 20
