<?xml version="1.0" encoding="UTF-8"?>
<!DOCTYPE html PUBLIC "-//W3C//DTD XHTML 1.0 Transitional//EN"
    "http://www.w3.org/TR/xhtml1/DTD/xhtml1-transitional.dtd">
<html xmlns="http://www.w3.org/1999/xhtml" xml:lang="en" lang="en">
 <head>
  <title>
</title>
<meta http-equiv="Content-Type" content="text/html;charset=utf-8" />
  <meta name='ocr-system' content='tesseract 3.04.00' />
  <meta name='ocr-capabilities' content='ocr_page ocr_carea ocr_par ocr_line ocrx_word'/>
</head>
<body>
  <div class='ocr_page' id='page_1' title='image "./horazensepistel00ddgoog/horazensepistel00ddgoog_0258.png"; bbox 0 0 2919 4716; ppageno 0'>
   <div class='ocr_carea' id='block_1_1' title="bbox 237 259 1750 322">
    <p class='ocr_par' dir='ltr' id='par_1_1' title="bbox 237 259 1750 322">
     <span class='ocr_line' id='line_1_1' title="bbox 237 259 1750 322; baseline -0.003 -1"><span class='ocrx_word' id='word_1_1' title='bbox 237 259 319 322; x_wconf 79' lang='lat'><strong>42</strong></span> <span class='ocrx_word' id='word_1_2' title='bbox 1158 269 1650 320; x_wconf 67' lang='lat' dir='ltr'><strong>sms‘romnun</strong></span> <span class='ocrx_word' id='word_1_3' title='bbox 1745 285 1750 290; x_wconf 93' lang='lat'>·</span> 
     </span>
    </p>
   </div>
   <div class='ocr_carea' id='block_1_2' title="bbox 236 440 1994 735">
    <p class='ocr_par' dir='ltr' id='par_1_2' title="bbox 236 440 1994 735">
     <span class='ocr_line' id='line_1_2' title="bbox 236 440 1994 530; baseline -0.003 -21"><span class='ocrx_word' id='word_1_4' title='bbox 236 443 345 510; x_wconf 91' lang='lat' dir='ltr'><strong>Sic</strong></span> <span class='ocrx_word' id='word_1_5' title='bbox 384 443 641 530; x_wconf 84' lang='lat' dir='ltr'><strong>priscae</strong></span> <span class='ocrx_word' id='word_1_6' title='bbox 680 449 1055 528; x_wconf 84' lang='lat' dir='ltr'><strong>motumque</strong></span> <span class='ocrx_word' id='word_1_7' title='bbox 1100 449 1165 506; x_wconf 89' lang='lat' dir='ltr'><strong>et</strong></span> <span class='ocrx_word' id='word_1_8' title='bbox 1202 440 1528 506; x_wconf 82' lang='lat' dir='ltr'>luxuriem</span> <span class='ocrx_word' id='word_1_9' title='bbox 1571 441 1832 508; x_wconf 81' lang='lat' dir='ltr'><strong>addidit</strong></span> <span class='ocrx_word' id='word_1_10' title='bbox 1867 441 1994 504; x_wconf 90' lang='lat' dir='ltr'><strong>arti</strong></span> 
     </span>
     <span class='ocr_line' id='line_1_3' title="bbox 236 547 1918 638; baseline -0.002 -24"><span class='ocrx_word' id='word_1_11' title='bbox 236 549 515 630; x_wconf 85' lang='lat' dir='ltr'><strong>Tibicen</strong></span> <span class='ocrx_word' id='word_1_12' title='bbox 550 548 883 634; x_wconf 82' lang='lat' dir='ltr'><strong>traxitque</strong></span> <span class='ocrx_word' id='word_1_13' title='bbox 930 569 1143 634; x_wconf 87' lang='lat' dir='ltr'><strong>vagus</strong></span> <span class='ocrx_word' id='word_1_14' title='bbox 1181 569 1298 634; x_wconf 90' lang='lat' dir='ltr'><strong>per</strong></span> <span class='ocrx_word' id='word_1_15' title='bbox 1338 547 1594 638; x_wconf 84' lang='lat' dir='ltr'><strong>pulpita</strong></span> <span class='ocrx_word' id='word_1_16' title='bbox 1635 556 1918 629; x_wconf 80' lang='lat' dir='ltr'><strong>vestem3</strong></span> 
     </span>
     <span class='ocr_line' id='line_1_4' title="bbox 236 652 1840 735; baseline -0.006 -14"><span class='ocrx_word' id='word_1_17' title='bbox 236 655 345 722; x_wconf 87' lang='lat' dir='ltr'><strong>Sic</strong></span> <span class='ocrx_word' id='word_1_18' title='bbox 384 657 583 720; x_wconf 83' lang='lat' dir='ltr'><strong>etiam</strong></span> <span class='ocrx_word' id='word_1_19' title='bbox 618 652 863 718; x_wconf 83' lang='lat' dir='ltr'><strong>fidibus</strong></span> <span class='ocrx_word' id='word_1_20' title='bbox 906 675 1099 720; x_wconf 73' lang='lat' dir='ltr'><strong>voces</strong></span> <span class='ocrx_word' id='word_1_21' title='bbox 1142 677 1409 720; x_wconf 86' lang='lat' dir='ltr'><strong>crevere</strong></span> <span class='ocrx_word' id='word_1_22' title='bbox 1458 654 1744 735; x_wconf 87' lang='lat' dir='ltr'><strong>severis,</strong></span> <span class='ocrx_word' id='word_1_23' title='bbox 1831 703 1840 712; x_wconf 87' lang='lat'><strong>.</strong></span> 
     </span>
    </p>
   </div>
   <div class='ocr_carea' id='block_1_3' title="bbox 234 759 2476 870">
    <p class='ocr_par' dir='ltr' id='par_1_3' title="bbox 234 759 2476 870">
     <span class='ocr_line' id='line_1_5' title="bbox 234 759 2476 870; baseline -0.005 -43"><span class='ocrx_word' id='word_1_24' title='bbox 234 760 323 827; x_wconf 87' lang='lat' dir='ltr'><strong>Et</strong></span> <span class='ocrx_word' id='word_1_25' title='bbox 360 759 513 826; x_wconf 90' lang='lat' dir='ltr'><strong>tulit</strong></span> <span class='ocrx_word' id='word_1_26' title='bbox 552 759 877 847; x_wconf 89' lang='lat' dir='ltr'><strong>eloquium</strong></span> <span class='ocrx_word' id='word_1_27' title='bbox 924 761 1258 826; x_wconf 89' lang='lat' dir='ltr'><strong>insolitum</strong></span> <span class='ocrx_word' id='word_1_28' title='bbox 1302 759 1617 826; x_wconf 80' lang='lat' dir='ltr'><strong>facundia</strong></span> <span class='ocrx_word' id='word_1_29' title='bbox 1653 781 1996 848; x_wconf 87' lang='lat' dir='ltr'><strong>praeceps,</strong></span> <span class='ocrx_word' id='word_1_30' title='bbox 2067 775 2130 835; x_wconf 69' lang='lat'><strong>‘,‚</strong></span> <span class='ocrx_word' id='word_1_31' title='bbox 2154 761 2336 870; x_wconf 44' lang='lat' dir='ltr'><strong>f&#39;-‚.‘..„</strong></span> <span class='ocrx_word' id='word_1_32' title='bbox 2361 789 2405 819; x_wconf 57' lang='grc' dir='ltr'><strong>,ρ</strong></span> <span class='ocrx_word' id='word_1_33' title='bbox 2440 785 2476 800; x_wconf 76' lang='lat'><strong>«-</strong></span> 
     </span>
    </p>
   </div>
   <div class='ocr_carea' id='block_1_4' title="bbox 234 867 1872 1064">
    <p class='ocr_par' dir='ltr' id='par_1_4' title="bbox 234 867 1872 1064">
     <span class='ocr_line' id='line_1_6' title="bbox 234 867 1856 962; baseline -0.004 -27"><span class='ocrx_word' id='word_1_34' title='bbox 234 869 639 956; x_wconf 85' lang='lat' dir='ltr'><strong>Utiliumque</strong></span> <span class='ocrx_word' id='word_1_35' title='bbox 684 889 895 954; x_wconf 85' lang='lat' dir='ltr'><strong>sagax</strong></span> <span class='ocrx_word' id='word_1_36' title='bbox 932 889 1150 934; x_wconf 89' lang='lat' dir='ltr'><strong>rerum</strong></span> <span class='ocrx_word' id='word_1_37' title='bbox 1192 878 1257 934; x_wconf 92' lang='lat' dir='ltr'><strong>et</strong></span> <span class='ocrx_word' id='word_1_38' title='bbox 1305 869 1535 934; x_wconf 89' lang='lat' dir='ltr'><strong>divina</strong></span> <span class='ocrx_word' id='word_1_39' title='bbox 1573 867 1776 932; x_wconf 88' lang='lat' dir='ltr'><strong>futuri</strong></span> <span class='ocrx_word' id='word_1_40' title='bbox 1851 958 1856 962; x_wconf 19' lang='lat'>¹</span> 
     </span>
     <span class='ocr_line' id='line_1_7' title="bbox 235 971 1872 1064; baseline -0.004 -21"><span class='ocrx_word' id='word_1_41' title='bbox 235 976 575 1063; x_wconf 78' lang='lat' dir='ltr'><strong>Sortilegis</strong></span> <span class='ocrx_word' id='word_1_42' title='bbox 621 997 752 1040; x_wconf 92' lang='lat' dir='ltr'><strong>non</strong></span> <span class='ocrx_word' id='word_1_43' title='bbox 801 976 1159 1064; x_wconf 80' lang='lat' dir='ltr'><strong>discrepuit</strong></span> <span class='ocrx_word' id='word_1_44' title='bbox 1202 974 1526 1040; x_wconf 87' lang='lat' dir='ltr'><strong>sententia</strong></span> <span class='ocrx_word' id='word_1_45' title='bbox 1567 971 1872 1059; x_wconf 78' lang='lat' dir='ltr'><strong>Delphis,</strong></span> 
     </span>
    </p>
   </div>
   <div class='ocr_carea' id='block_1_5' title="bbox 154 1183 2208 4357">
    <p class='ocr_par' dir='ltr' id='par_1_5' title="bbox 230 1183 2000 1910">
     <span class='ocr_line' id='line_1_8' title="bbox 234 1183 2000 1275; baseline -0.003 -21"><span class='ocrx_word' id='word_1_46' title='bbox 234 1188 541 1254; x_wconf 81' lang='lat' dir='ltr'><strong>Carmine</strong></span> <span class='ocrx_word' id='word_1_47' title='bbox 580 1187 695 1275; x_wconf 81' lang='lat' dir='ltr'><strong>‘qui</strong></span> <span class='ocrx_word' id='word_1_48' title='bbox 738 1187 989 1272; x_wconf 85' lang='lat' dir='ltr'><strong>tragico</strong></span> <span class='ocrx_word' id='word_1_49' title='bbox 1030 1185 1227 1252; x_wconf 91' lang='lat' dir='ltr'><strong>vilem</strong></span> <span class='ocrx_word' id='word_1_50' title='bbox 1272 1185 1550 1252; x_wconf 87' lang='lat' dir='ltr'><strong>certavit</strong></span> <span class='ocrx_word' id='word_1_51' title='bbox 1589 1184 1671 1250; x_wconf 92' lang='lat' dir='ltr'><strong>ob</strong></span> <span class='ocrx_word' id='word_1_52' title='bbox 1714 1183 2000 1267; x_wconf 91' lang='lat' dir='ltr'><strong>hircum,</strong></span> 
     </span>
     <span class='ocr_line' id='line_1_9' title="bbox 232 1291 1942 1380; baseline -0.002 -20"><span class='ocrx_word' id='word_1_53' title='bbox 232 1297 391 1362; x_wconf 85' lang='lat' dir='ltr'><strong>Mox</strong></span> <span class='ocrx_word' id='word_1_54' title='bbox 436 1296 635 1360; x_wconf 85' lang='lat' dir='ltr'><strong>etiam</strong></span> <span class='ocrx_word' id='word_1_55' title='bbox 674 1302 967 1380; x_wconf 80' lang='lat' dir='ltr'><strong>agrestes</strong></span> <span class='ocrx_word' id='word_1_56' title='bbox 1010 1291 1277 1380; x_wconf 76' lang='lat' dir='ltr'><strong>Satyros</strong></span> <span class='ocrx_word' id='word_1_57' title='bbox 1324 1292 1600 1358; x_wconf 88' lang='lat' dir='ltr'><strong>nudavit</strong></span> <span class='ocrx_word' id='word_1_58' title='bbox 1641 1299 1706 1356; x_wconf 91' lang='lat' dir='ltr'><strong>et</strong></span> <span class='ocrx_word' id='word_1_59' title='bbox 1750 1312 1942 1378; x_wconf 88' lang='lat' dir='ltr'><strong>asper</strong></span> 
     </span>
     <span class='ocr_line' id='line_1_10' title="bbox 232 1398 1858 1486; baseline -0.001 -24"><span class='ocrx_word' id='word_1_60' title='bbox 232 1399 553 1464; x_wconf 90' lang='lat' dir='ltr'><strong>Incolumi</strong></span> <span class='ocrx_word' id='word_1_61' title='bbox 591 1402 919 1486; x_wconf 87' lang='lat' dir='ltr'><strong>gravitate</strong></span> <span class='ocrx_word' id='word_1_62' title='bbox 958 1401 1169 1464; x_wconf 91' lang='lat' dir='ltr'><strong>iocum</strong></span> <span class='ocrx_word' id='word_1_63' title='bbox 1208 1401 1489 1464; x_wconf 87' lang='lat' dir='ltr'><strong>tentavit</strong></span> <span class='ocrx_word' id='word_1_64' title='bbox 1529 1421 1637 1482; x_wconf 87' lang='lat' dir='ltr'><strong>eo,</strong></span> <span class='ocrx_word' id='word_1_65' title='bbox 1685 1398 1858 1484; x_wconf 91' lang='lat' dir='ltr'><strong>quod</strong></span> 
     </span>
     <span class='ocr_line' id='line_1_11' title="bbox 233 1504 1836 1592; baseline 0 -24"><span class='ocrx_word' id='word_1_66' title='bbox 233 1504 571 1570; x_wconf 88' lang='lat' dir='ltr'><strong>Illecebris</strong></span> <span class='ocrx_word' id='word_1_67' title='bbox 616 1516 757 1574; x_wconf 87' lang='lat' dir='ltr'><strong>erat</strong></span> <span class='ocrx_word' id='word_1_68' title='bbox 799 1517 865 1572; x_wconf 89' lang='lat' dir='ltr'><strong>et</strong></span> <span class='ocrx_word' id='word_1_69' title='bbox 906 1515 1097 1592; x_wconf 83' lang='lat' dir='ltr'><strong>grata</strong></span> <span class='ocrx_word' id='word_1_70' title='bbox 1142 1508 1437 1572; x_wconf 88' lang='lat' dir='ltr'><strong>novitate</strong></span> <span class='ocrx_word' id='word_1_71' title='bbox 1483 1505 1836 1571; x_wconf 90' lang='lat' dir='ltr'><strong>morandus</strong></span> 
     </span>
     <span class='ocr_line' id='line_1_12' title="bbox 232 1609 1962 1700; baseline -0.001 -24"><span class='ocrx_word' id='word_1_72' title='bbox 232 1610 573 1698; x_wconf 78' lang='lat' dir='ltr'><strong>Spectator</strong></span> <span class='ocrx_word' id='word_1_73' title='bbox 618 1613 1009 1699; x_wconf 86' lang='lat' dir='ltr'><strong>functusque</strong></span> <span class='ocrx_word' id='word_1_74' title='bbox 1052 1613 1257 1678; x_wconf 84' lang='lat' dir='ltr'><strong>sacris</strong></span> <span class='ocrx_word' id='word_1_75' title='bbox 1298 1621 1363 1678; x_wconf 92' lang='lat' dir='ltr'><strong>et</strong></span> <span class='ocrx_word' id='word_1_76' title='bbox 1406 1621 1598 1700; x_wconf 89' lang='lat' dir='ltr'><strong>potus</strong></span> <span class='ocrx_word' id='word_1_77' title='bbox 1639 1620 1704 1676; x_wconf 90' lang='lat' dir='ltr'><strong>et</strong></span> <span class='ocrx_word' id='word_1_78' title='bbox 1745 1609 1962 1675; x_wconf 79' lang='lat' dir='ltr'><strong>exlex.</strong></span> 
     </span>
     <span class='ocr_line' id='line_1_13' title="bbox 230 1717 1858 1800; baseline -0.001 -18"><span class='ocrx_word' id='word_1_79' title='bbox 230 1717 472 1782; x_wconf 88' lang='lat' dir='ltr'><strong>Verum</strong></span> <span class='ocrx_word' id='word_1_80' title='bbox 516 1720 609 1782; x_wconf 85' lang='lat' dir='ltr'><strong>ita</strong></span> <span class='ocrx_word' id='word_1_81' title='bbox 650 1719 923 1800; x_wconf 85' lang='lat' dir='ltr'><strong>risores,</strong></span> <span class='ocrx_word' id='word_1_82' title='bbox 969 1720 1061 1782; x_wconf 84' lang='lat' dir='ltr'><strong>ita</strong></span> <span class='ocrx_word' id='word_1_83' title='bbox 1102 1719 1559 1784; x_wconf 88' lang='lat' dir='ltr'><strong>commendare</strong></span> <span class='ocrx_word' id='word_1_84' title='bbox 1599 1718 1858 1782; x_wconf 85' lang='lat' dir='ltr'><strong>dicaces</strong></span> 
     </span>
     <span class='ocr_line' id='line_1_14' title="bbox 233 1822 1809 1910; baseline 0 -21"><span class='ocrx_word' id='word_1_85' title='bbox 233 1823 599 1890; x_wconf 86' lang='lat' dir='ltr'><strong>Conveniet</strong></span> <span class='ocrx_word' id='word_1_86' title='bbox 636 1822 940 1910; x_wconf 88' lang='lat' dir='ltr'><strong>Satyros,</strong></span> <span class='ocrx_word' id='word_1_87' title='bbox 980 1825 1072 1888; x_wconf 87' lang='lat' dir='ltr'><strong>ita</strong></span> <span class='ocrx_word' id='word_1_88' title='bbox 1114 1835 1369 1890; x_wconf 88' lang='lat' dir='ltr'><strong>vertere</strong></span> <span class='ocrx_word' id='word_1_89' title='bbox 1406 1827 1576 1892; x_wconf 87' lang='lat' dir='ltr'><strong>seria</strong></span> <span class='ocrx_word' id='word_1_90' title='bbox 1621 1825 1809 1906; x_wconf 91' lang='lat' dir='ltr'><strong>ludo,</strong></span> 
     </span>
    </p>

    <p class='ocr_par' dir='ltr' id='par_1_6' title="bbox 230 1930 2158 2125">
     <span class='ocr_line' id='line_1_15' title="bbox 230 1930 2158 2019; baseline 0 -25"><span class='ocrx_word' id='word_1_91' title='bbox 230 1931 359 2012; x_wconf 86' lang='lat' dir='ltr'><strong>Ne,</strong></span> <span class='ocrx_word' id='word_1_92' title='bbox 404 1931 772 2017; x_wconf 86' lang='lat' dir='ltr'><strong>quicunque</strong></span> <span class='ocrx_word' id='word_1_93' title='bbox 818 1930 1009 2014; x_wconf 87' lang='lat' dir='ltr'><strong>deus,</strong></span> <span class='ocrx_word' id='word_1_94' title='bbox 1058 1934 1429 2019; x_wconf 87' lang='lat' dir='ltr'><strong>quicunque</strong></span> <span class='ocrx_word' id='word_1_95' title='bbox 1475 1931 1894 1996; x_wconf 85' lang='lat' dir='ltr'><strong>adhibebitur</strong></span> <span class='ocrx_word' id='word_1_96' title='bbox 1935 1931 2158 2012; x_wconf 76' lang='lat' dir='ltr'><strong>herOS,</strong></span> 
     </span>
     <span class='ocr_line' id='line_1_16' title="bbox 232 2024 1811 2125; baseline 0.001 -25"><span class='ocrx_word' id='word_1_97' title='bbox 232 2036 462 2121; x_wconf 85' lang='lat' dir='ltr'><strong>Regali</strong></span> <span class='ocrx_word' id='word_1_98' title='bbox 508 2046 894 2124; x_wconf 88' lang='lat' dir='ltr'><strong>conspectus</strong></span> <span class='ocrx_word' id='word_1_99' title='bbox 936 2037 1005 2100; x_wconf 92' lang='lat' dir='ltr'><strong>in</strong></span> <span class='ocrx_word' id='word_1_100' title='bbox 1051 2058 1209 2102; x_wconf 88' lang='lat' dir='ltr'><strong>auro</strong></span> <span class='ocrx_word' id='word_1_101' title='bbox 1252 2061 1459 2125; x_wconf 88' lang='lat' dir='ltr'><strong>nuper</strong></span> <span class='ocrx_word' id='word_1_102' title='bbox 1505 2024 1572 2101; x_wconf 79' lang='lat' dir='ltr'><strong>et</strong></span> <span class='ocrx_word' id='word_1_103' title='bbox 1606 2046 1782 2102; x_wconf 88' lang='lat' dir='ltr'><strong>ostro</strong></span> <span class='ocrx_word' id='word_1_104' title='bbox 1793 2085 1811 2120; x_wconf 92' lang='lat'><strong>,</strong></span> 
     </span>
    </p>

    <p class='ocr_par' dir='ltr' id='par_1_7' title="bbox 228 2142 2061 2443">
     <span class='ocr_line' id='line_1_17' title="bbox 230 2142 2018 2227; baseline -0.001 -21"><span class='ocrx_word' id='word_1_105' title='bbox 230 2142 471 2226; x_wconf 88' lang='lat' dir='ltr'><strong>Migret</strong></span> <span class='ocrx_word' id='word_1_106' title='bbox 506 2144 577 2206; x_wconf 90' lang='lat' dir='ltr'><strong>in</strong></span> <span class='ocrx_word' id='word_1_107' title='bbox 618 2145 931 2210; x_wconf 86' lang='lat' dir='ltr'><strong>obscuras</strong></span> <span class='ocrx_word' id='word_1_108' title='bbox 967 2143 1196 2210; x_wconf 89' lang='lat' dir='ltr'><strong>humili</strong></span> <span class='ocrx_word' id='word_1_109' title='bbox 1240 2167 1538 2210; x_wconf 88' lang='lat' dir='ltr'><strong>sermone</strong></span> <span class='ocrx_word' id='word_1_110' title='bbox 1579 2142 1921 2227; x_wconf 82' lang='lat' dir='ltr'><strong>tabernas,</strong></span> <span class='ocrx_word' id='word_1_111' title='bbox 2009 2163 2018 2172; x_wconf 91' lang='lat'><strong>·</strong></span> 
     </span>
     <span class='ocr_line' id='line_1_18' title="bbox 228 2249 2061 2337; baseline -0.001 -23"><span class='ocrx_word' id='word_1_112' title='bbox 228 2249 395 2333; x_wconf 89' lang='lat' dir='ltr'><strong>Aut,</strong></span> <span class='ocrx_word' id='word_1_113' title='bbox 442 2250 595 2314; x_wconf 89' lang='lat' dir='ltr'><strong>dum</strong></span> <span class='ocrx_word' id='word_1_114' title='bbox 640 2253 806 2316; x_wconf 88' lang='lat' dir='ltr'><strong>vitat</strong></span> <span class='ocrx_word' id='word_1_115' title='bbox 850 2253 1149 2334; x_wconf 89' lang='lat' dir='ltr'><strong>humum,</strong></span> <span class='ocrx_word' id='word_1_116' title='bbox 1194 2250 1401 2315; x_wconf 86' lang='lat' dir='ltr'><strong>nubes</strong></span> <span class='ocrx_word' id='word_1_117' title='bbox 1446 2259 1512 2314; x_wconf 89' lang='lat' dir='ltr'><strong>et</strong></span> <span class='ocrx_word' id='word_1_118' title='bbox 1559 2250 1782 2315; x_wconf 90' lang='lat' dir='ltr'><strong>inania</strong></span> <span class='ocrx_word' id='word_1_119' title='bbox 1825 2256 2061 2337; x_wconf 85' lang='lat' dir='ltr'><strong>captet.</strong></span> 
     </span>
     <span class='ocr_line' id='line_1_19' title="bbox 230 2355 1752 2443; baseline 0 -22"><span class='ocrx_word' id='word_1_120' title='bbox 230 2356 509 2421; x_wconf 84' lang='lat' dir='ltr'><strong>Effutire</strong></span> <span class='ocrx_word' id='word_1_121' title='bbox 552 2357 735 2423; x_wconf 87' lang='lat' dir='ltr'><strong>leves</strong></span> <span class='ocrx_word' id='word_1_122' title='bbox 780 2358 1055 2443; x_wconf 87' lang='lat' dir='ltr'><strong>indigna</strong></span> <span class='ocrx_word' id='word_1_123' title='bbox 1098 2355 1441 2443; x_wconf 86' lang='lat' dir='ltr'><strong>tragoedia</strong></span> <span class='ocrx_word' id='word_1_124' title='bbox 1486 2380 1752 2441; x_wconf 87' lang='lat' dir='ltr'><strong>versus,</strong></span> 
     </span>
    </p>

    <p class='ocr_par' dir='ltr' id='par_1_8' title="bbox 233 2462 1711 2545">
     <span class='ocr_line' id='line_1_20' title="bbox 233 2462 1711 2545; baseline -0.001 -17"><span class='ocrx_word' id='word_1_125' title='bbox 233 2464 322 2528; x_wconf 78' lang='lat' dir='ltr'><strong>Ut</strong></span> <span class='ocrx_word' id='word_1_126' title='bbox 364 2464 551 2528; x_wconf 85' lang='lat' dir='ltr'><strong>festis</strong></span> <span class='ocrx_word' id='word_1_127' title='bbox 595 2474 889 2529; x_wconf 86' lang='lat' dir='ltr'><strong>matrona</strong></span> <span class='ocrx_word' id='word_1_128' title='bbox 928 2464 1177 2530; x_wconf 89' lang='lat' dir='ltr'><strong>moveri</strong></span> <span class='ocrx_word' id='word_1_129' title='bbox 1221 2464 1401 2525; x_wconf 86' lang='lat' dir='ltr'><strong>iussa</strong></span> <span class='ocrx_word' id='word_1_130' title='bbox 1444 2462 1711 2545; x_wconf 86' lang='lat' dir='ltr'><strong>diebus,</strong></span> 
     </span>
    </p>

    <p class='ocr_par' dir='ltr' id='par_1_9' title="bbox 227 2568 2014 2975">
     <span class='ocr_line' id='line_1_21' title="bbox 228 2568 1955 2659; baseline 0 -25"><span class='ocrx_word' id='word_1_131' title='bbox 228 2571 537 2637; x_wconf 87' lang='lat' dir='ltr'><strong>Intererit</strong></span> <span class='ocrx_word' id='word_1_132' title='bbox 582 2570 835 2659; x_wconf 85' lang='lat' dir='ltr'><strong>Satyris</strong></span> <span class='ocrx_word' id='word_1_133' title='bbox 872 2572 1137 2659; x_wconf 86' lang='lat' dir='ltr'><strong>paulum</strong></span> <span class='ocrx_word' id='word_1_134' title='bbox 1183 2568 1570 2658; x_wconf 88' lang='lat' dir='ltr'><strong>pudibunda</strong></span> <span class='ocrx_word' id='word_1_135' title='bbox 1609 2570 1955 2655; x_wconf 85' lang='lat' dir='ltr'><strong>protervis.</strong></span> 
     </span>
     <span class='ocr_line' id='line_1_22' title="bbox 228 2675 1999 2763; baseline -0.001 -22"><span class='ocrx_word' id='word_1_136' title='bbox 228 2677 377 2742; x_wconf 86' lang='lat' dir='ltr'><strong>Non</strong></span> <span class='ocrx_word' id='word_1_137' title='bbox 418 2699 543 2763; x_wconf 90' lang='lat' dir='ltr'><strong>ego</strong></span> <span class='ocrx_word' id='word_1_138' title='bbox 588 2680 888 2743; x_wconf 88' lang='lat' dir='ltr'><strong>inornata</strong></span> <span class='ocrx_word' id='word_1_139' title='bbox 931 2687 995 2743; x_wconf 91' lang='lat' dir='ltr'><strong>et</strong></span> <span class='ocrx_word' id='word_1_140' title='bbox 1039 2676 1443 2741; x_wconf 84' lang='lat' dir='ltr'><strong>dominantia</strong></span> <span class='ocrx_word' id='word_1_141' title='bbox 1485 2677 1752 2741; x_wconf 88' lang='lat' dir='ltr'><strong>nomina</strong></span> <span class='ocrx_word' id='word_1_142' title='bbox 1793 2675 1999 2739; x_wconf 87' lang='lat' dir='ltr'><strong>solum</strong></span> 
     </span>
     <span class='ocr_line' id='line_1_23' title="bbox 230 2782 2014 2871; baseline 0 -24"><span class='ocrx_word' id='word_1_143' title='bbox 230 2782 609 2869; x_wconf 85' lang='lat' dir='ltr'><strong>Verbaque,</strong></span> <span class='ocrx_word' id='word_1_144' title='bbox 657 2784 960 2867; x_wconf 88' lang='lat' dir='ltr'><strong>Pisones,</strong></span> <span class='ocrx_word' id='word_1_145' title='bbox 1002 2782 1387 2871; x_wconf 86' lang='lat' dir='ltr'><strong>Satyrorum</strong></span> <span class='ocrx_word' id='word_1_146' title='bbox 1431 2783 1708 2868; x_wconf 86' lang='lat' dir='ltr'><strong>scriptor</strong></span> <span class='ocrx_word' id='word_1_147' title='bbox 1749 2782 2014 2865; x_wconf 88' lang='lat' dir='ltr'><strong>amabo,</strong></span> 
     </span>
     <span class='ocr_line' id='line_1_24' title="bbox 227 2887 1641 2975; baseline -0.001 -22"><span class='ocrx_word' id='word_1_148' title='bbox 227 2889 367 2955; x_wconf 86' lang='lat' dir='ltr'><strong>Nec</strong></span> <span class='ocrx_word' id='word_1_149' title='bbox 410 2891 507 2955; x_wconf 91' lang='lat' dir='ltr'><strong>sic</strong></span> <span class='ocrx_word' id='word_1_150' title='bbox 554 2891 763 2954; x_wconf 88' lang='lat' dir='ltr'><strong>enitar</strong></span> <span class='ocrx_word' id='word_1_151' title='bbox 806 2892 1057 2975; x_wconf 87' lang='lat' dir='ltr'><strong>tragico</strong></span> <span class='ocrx_word' id='word_1_152' title='bbox 1104 2890 1367 2955; x_wconf 85' lang='lat' dir='ltr'><strong>differre</strong></span> <span class='ocrx_word' id='word_1_153' title='bbox 1408 2887 1641 2973; x_wconf 88' lang='lat' dir='ltr'><strong>colori,</strong></span> 
     </span>
    </p>

    <p class='ocr_par' dir='ltr' id='par_1_10' title="bbox 230 2993 1944 3083">
     <span class='ocr_line' id='line_1_25' title="bbox 230 2993 1944 3083; baseline -0.002 -22"><span class='ocrx_word' id='word_1_154' title='bbox 230 2997 320 3061; x_wconf 93' lang='lat' dir='ltr'><strong>Ut</strong></span> <span class='ocrx_word' id='word_1_155' title='bbox 364 2998 526 3063; x_wconf 91' lang='lat' dir='ltr'><strong>nihil</strong></span> <span class='ocrx_word' id='word_1_156' title='bbox 573 2998 859 3080; x_wconf 87' lang='lat' dir='ltr'><strong>intersit,</strong></span> <span class='ocrx_word' id='word_1_157' title='bbox 906 2996 1219 3061; x_wconf 87' lang='lat' dir='ltr'><strong>Davusne</strong></span> <span class='ocrx_word' id='word_1_158' title='bbox 1264 2994 1568 3083; x_wconf 86' lang='lat' dir='ltr'><strong>loquatur</strong></span> <span class='ocrx_word' id='word_1_159' title='bbox 1612 3003 1678 3058; x_wconf 91' lang='lat' dir='ltr'><strong>et</strong></span> <span class='ocrx_word' id='word_1_160' title='bbox 1723 2993 1944 3059; x_wconf 86' lang='lat' dir='ltr'><strong>audax</strong></span> 
     </span>
    </p>

    <p class='ocr_par' dir='ltr' id='par_1_11' title="bbox 154 3100 1868 3189">
     <span class='ocr_line' id='line_1_26' title="bbox 154 3100 1868 3189; baseline -0.003 -22"><span class='ocrx_word' id='word_1_161' title='bbox 154 3109 157 3113; x_wconf 74' lang='grc'><em>’</em></span> <span class='ocrx_word' id='word_1_162' title='bbox 227 3102 533 3189; x_wconf 79' lang='lat' dir='ltr'><strong>Pythias,</strong></span> <span class='ocrx_word' id='word_1_163' title='bbox 574 3112 877 3168; x_wconf 85' lang='lat' dir='ltr'><strong>emuncto</strong></span> <span class='ocrx_word' id='word_1_164' title='bbox 920 3104 1172 3167; x_wconf 86' lang='lat' dir='ltr'><strong>lucrata</strong></span> <span class='ocrx_word' id='word_1_165' title='bbox 1217 3102 1478 3167; x_wconf 88' lang='lat' dir='ltr'><strong>Simone</strong></span> <span class='ocrx_word' id='word_1_166' title='bbox 1515 3100 1868 3182; x_wconf 86' lang='lat' dir='ltr'><strong>talentum,</strong></span> 
     </span>
    </p>

    <p class='ocr_par' dir='ltr' id='par_1_12' title="bbox 228 3208 1825 3295">
     <span class='ocr_line' id='line_1_27' title="bbox 228 3208 1825 3295; baseline -0.002 -22"><span class='ocrx_word' id='word_1_167' title='bbox 228 3210 335 3273; x_wconf 90' lang='lat' dir='ltr'><strong>An</strong></span> <span class='ocrx_word' id='word_1_168' title='bbox 382 3217 599 3273; x_wconf 84' lang='lat' dir='ltr'><strong>custos</strong></span> <span class='ocrx_word' id='word_1_169' title='bbox 645 3209 1059 3295; x_wconf 84' lang='lat' dir='ltr'><strong>famulusque</strong></span> <span class='ocrx_word' id='word_1_170' title='bbox 1104 3208 1209 3273; x_wconf 87' lang='lat' dir='ltr'><strong>dei</strong></span> <span class='ocrx_word' id='word_1_171' title='bbox 1254 3208 1516 3273; x_wconf 87' lang='lat' dir='ltr'><strong>Silenus</strong></span> <span class='ocrx_word' id='word_1_172' title='bbox 1557 3208 1825 3273; x_wconf 87' lang='lat' dir='ltr'><strong>alumni.</strong></span> 
     </span>
    </p>

    <p class='ocr_par' dir='ltr' id='par_1_13' title="bbox 226 3313 1988 3701">
     <span class='ocr_line' id='line_1_28' title="bbox 226 3313 1988 3401; baseline -0.001 -22"><span class='ocrx_word' id='word_1_173' title='bbox 226 3316 335 3379; x_wconf 84' lang='lat' dir='ltr'><strong>Ex</strong></span> <span class='ocrx_word' id='word_1_174' title='bbox 378 3324 531 3380; x_wconf 91' lang='lat' dir='ltr'><strong>noto</strong></span> <span class='ocrx_word' id='word_1_175' title='bbox 573 3316 793 3380; x_wconf 89' lang='lat' dir='ltr'><strong>fictum</strong></span> <span class='ocrx_word' id='word_1_176' title='bbox 840 3336 1102 3378; x_wconf 89' lang='lat' dir='ltr'><strong>carmen</strong></span> <span class='ocrx_word' id='word_1_177' title='bbox 1146 3336 1413 3401; x_wconf 87' lang='lat' dir='ltr'><strong>sequar,</strong></span> <span class='ocrx_word' id='word_1_178' title='bbox 1450 3320 1524 3376; x_wconf 86' lang='lat' dir='ltr'><strong>ut</strong></span> <span class='ocrx_word' id='word_1_179' title='bbox 1569 3314 1696 3377; x_wconf 92' lang='lat' dir='ltr'><strong>sibi</strong></span> <span class='ocrx_word' id='word_1_180' title='bbox 1740 3313 1988 3399; x_wconf 85' lang='lat' dir='ltr'><strong>quivis-</strong></span> 
     </span>
     <span class='ocr_line' id='line_1_29' title="bbox 228 3418 1953 3509; baseline -0.003 -21"><span class='ocrx_word' id='word_1_181' title='bbox 228 3422 457 3509; x_wconf 88' lang='lat' dir='ltr'><strong>Speret</strong></span> <span class='ocrx_word' id='word_1_182' title='bbox 499 3423 703 3507; x_wconf 90' lang='lat' dir='ltr'><strong>idem,</strong></span> <span class='ocrx_word' id='word_1_183' title='bbox 749 3425 939 3488; x_wconf 87' lang='lat' dir='ltr'><strong>sudet</strong></span> <span class='ocrx_word' id='word_1_184' title='bbox 970 3423 1243 3485; x_wconf 88' lang='lat' dir='ltr'><strong>multum</strong></span> <span class='ocrx_word' id='word_1_185' title='bbox 1291 3421 1662 3506; x_wconf 86' lang='lat' dir='ltr'><strong>frustraque</strong></span> <span class='ocrx_word' id='word_1_186' title='bbox 1702 3418 1953 3484; x_wconf 87' lang='lat' dir='ltr'><strong>laboret</strong></span> 
     </span>
     <span class='ocr_line' id='line_1_30' title="bbox 226 3526 1965 3612; baseline -0.002 -18"><span class='ocrx_word' id='word_1_187' title='bbox 226 3529 448 3594; x_wconf 87' lang='lat' dir='ltr'><strong>Ausus</strong></span> <span class='ocrx_word' id='word_1_188' title='bbox 495 3529 699 3593; x_wconf 87' lang='lat' dir='ltr'><strong>idem:</strong></span> <span class='ocrx_word' id='word_1_189' title='bbox 736 3536 989 3594; x_wconf 86' lang='lat' dir='ltr'><strong>tantum</strong></span> <span class='ocrx_word' id='word_1_190' title='bbox 1026 3530 1229 3593; x_wconf 88' lang='lat' dir='ltr'><strong>series</strong></span> <span class='ocrx_word' id='word_1_191' title='bbox 1268 3530 1700 3612; x_wconf 85' lang='lat' dir='ltr'><strong>iuncturaque</strong></span> <span class='ocrx_word' id='word_1_192' title='bbox 1735 3526 1965 3612; x_wconf 86' lang='lat' dir='ltr'><strong>pollet,</strong></span> 
     </span>
     <span class='ocr_line' id='line_1_31' title="bbox 226 3630 1787 3701; baseline -0.002 -2"><span class='ocrx_word' id='word_1_193' title='bbox 226 3636 510 3701; x_wconf 85' lang='lat' dir='ltr'><strong>Tantum</strong></span> <span class='ocrx_word' id='word_1_194' title='bbox 550 3635 631 3699; x_wconf 90' lang='lat' dir='ltr'><strong>de</strong></span> <span class='ocrx_word' id='word_1_195' title='bbox 674 3636 887 3701; x_wconf 88' lang='lat' dir='ltr'><strong>medio</strong></span> <span class='ocrx_word' id='word_1_196' title='bbox 934 3630 1163 3700; x_wconf 84' lang='lat' dir='ltr'><strong>sumtis</strong></span> <span class='ocrx_word' id='word_1_197' title='bbox 1206 3634 1462 3698; x_wconf 84' lang='lat' dir='ltr'><strong>accedit</strong></span> <span class='ocrx_word' id='word_1_198' title='bbox 1502 3632 1787 3696; x_wconf 88' lang='lat' dir='ltr'><strong>honoris.</strong></span> 
     </span>
    </p>

    <p class='ocr_par' dir='ltr' id='par_1_14' title="bbox 228 3738 1752 3820">
     <span class='ocr_line' id='line_1_32' title="bbox 228 3738 1752 3820; baseline -0.004 -13"><span class='ocrx_word' id='word_1_199' title='bbox 228 3742 429 3807; x_wconf 86' lang='lat' dir='ltr'><strong>Silvis</strong></span> <span class='ocrx_word' id='word_1_200' title='bbox 476 3741 740 3806; x_wconf 88' lang='lat' dir='ltr'><strong>deducti</strong></span> <span class='ocrx_word' id='word_1_201' title='bbox 782 3750 1063 3807; x_wconf 89' lang='lat' dir='ltr'><strong>caveant</strong></span> <span class='ocrx_word' id='word_1_202' title='bbox 1103 3762 1205 3805; x_wconf 88' lang='lat' dir='ltr'><strong>me</strong></span> <span class='ocrx_word' id='word_1_203' title='bbox 1250 3740 1464 3803; x_wconf 84' lang='lat' dir='ltr'><strong>iudice</strong></span> <span class='ocrx_word' id='word_1_204' title='bbox 1503 3738 1752 3820; x_wconf 82' lang='lat' dir='ltr'><strong>Fauni,</strong></span> 
     </span>
    </p>

    <p class='ocr_par' dir='ltr' id='par_1_15' title="bbox 226 3845 1827 3933">
     <span class='ocr_line' id='line_1_33' title="bbox 226 3845 1827 3933; baseline -0.002 -20"><span class='ocrx_word' id='word_1_205' title='bbox 226 3848 375 3932; x_wconf 56' lang='lat' dir='ltr'><strong>Nee</strong></span> <span class='ocrx_word' id='word_1_206' title='bbox 402 3848 583 3914; x_wconf 91' lang='lat' dir='ltr'><strong>velut</strong></span> <span class='ocrx_word' id='word_1_207' title='bbox 623 3849 835 3913; x_wconf 87' lang='lat' dir='ltr'><strong>innati</strong></span> <span class='ocrx_word' id='word_1_208' title='bbox 876 3848 1089 3913; x_wconf 85' lang='lat' dir='ltr'><strong>triviis</strong></span> <span class='ocrx_word' id='word_1_209' title='bbox 1132 3868 1209 3911; x_wconf 90' lang='lat' dir='ltr'><strong>ac</strong></span> <span class='ocrx_word' id='word_1_210' title='bbox 1247 3867 1454 3933; x_wconf 88' lang='lat' dir='ltr'><strong>paene</strong></span> <span class='ocrx_word' id='word_1_211' title='bbox 1501 3845 1827 3927; x_wconf 84' lang='lat' dir='ltr'><strong>forenses,</strong></span> 
     </span>
    </p>

    <p class='ocr_par' dir='ltr' id='par_1_16' title="bbox 225 3953 2208 4357">
     <span class='ocr_line' id='line_1_34' title="bbox 226 3953 2105 4037; baseline -0.003 -17"><span class='ocrx_word' id='word_1_212' title='bbox 226 3958 363 4020; x_wconf 85' lang='lat' dir='ltr'><strong>Aut</strong></span> <span class='ocrx_word' id='word_1_213' title='bbox 407 3956 674 4019; x_wconf 89' lang='lat' dir='ltr'><strong>nimium</strong></span> <span class='ocrx_word' id='word_1_214' title='bbox 724 3955 965 4021; x_wconf 84' lang='lat' dir='ltr'><strong>teneris</strong></span> <span class='ocrx_word' id='word_1_215' title='bbox 1010 3955 1405 4017; x_wconf 88' lang='lat' dir='ltr'><strong>iuvenentur</strong></span> <span class='ocrx_word' id='word_1_216' title='bbox 1443 3953 1742 4019; x_wconf 88' lang='lat' dir='ltr'><strong>versibus</strong></span> <span class='ocrx_word' id='word_1_217' title='bbox 1789 3974 2105 4037; x_wconf 84' lang='lat' dir='ltr'><strong>unquam,</strong></span> 
     </span>
     <span class='ocr_line' id='line_1_35' title="bbox 225 4058 1905 4146; baseline -0.005 -19"><span class='ocrx_word' id='word_1_218' title='bbox 225 4065 361 4127; x_wconf 91' lang='lat' dir='ltr'><strong>Aut</strong></span> <span class='ocrx_word' id='word_1_219' title='bbox 403 4061 739 4125; x_wconf 86' lang='lat' dir='ltr'><strong>immunda</strong></span> <span class='ocrx_word' id='word_1_220' title='bbox 784 4070 1051 4146; x_wconf 88' lang='lat' dir='ltr'><strong>crepent</strong></span> <span class='ocrx_word' id='word_1_221' title='bbox 1086 4060 1653 4145; x_wconf 85' lang='lat' dir='ltr'><strong>ignominiosaque</strong></span> <span class='ocrx_word' id='word_1_222' title='bbox 1699 4058 1905 4122; x_wconf 81' lang='lat' dir='ltr'><strong>dicta:</strong></span> 
     </span>
     <span class='ocr_line' id='line_1_36' title="bbox 226 4165 2208 4252; baseline -0.004 -18"><span class='ocrx_word' id='word_1_223' title='bbox 226 4168 664 4247; x_wconf 55' lang='lat' dir='ltr'><strong>Offendungur</strong></span> <span class='ocrx_word' id='word_1_224' title='bbox 708 4167 909 4248; x_wconf 89' lang='lat' dir='ltr'><strong>enim,</strong></span> <span class='ocrx_word' id='word_1_225' title='bbox 958 4165 1195 4252; x_wconf 87' lang='lat' dir='ltr'><strong>quibus</strong></span> <span class='ocrx_word' id='word_1_226' title='bbox 1242 4174 1343 4229; x_wconf 82' lang='lat' dir='ltr'><strong>est</strong></span> <span class='ocrx_word' id='word_1_227' title='bbox 1387 4188 1592 4251; x_wconf 87' lang='lat' dir='ltr'><strong>equus</strong></span> <span class='ocrx_word' id='word_1_228' title='bbox 1636 4175 1700 4229; x_wconf 90' lang='lat' dir='ltr'><strong>et</strong></span> <span class='ocrx_word' id='word_1_229' title='bbox 1743 4172 1928 4252; x_wconf 87' lang='lat' dir='ltr'><strong>pater</strong></span> <span class='ocrx_word' id='word_1_230' title='bbox 1970 4174 2035 4229; x_wconf 90' lang='lat' dir='ltr'><strong>et</strong></span> <span class='ocrx_word' id='word_1_231' title='bbox 2070 4188 2208 4247; x_wconf 82' lang='lat' dir='ltr'><strong>res„</strong></span> 
     </span>
     <span class='ocr_line' id='line_1_37' title="bbox 227 4270 2112 4357; baseline -0.001 -20"><span class='ocrx_word' id='word_1_232' title='bbox 227 4274 367 4337; x_wconf 89' lang='lat' dir='ltr'><strong>Nec</strong></span> <span class='ocrx_word' id='word_1_233' title='bbox 386 4322 403 4355; x_wconf 95' lang='lat'><strong>,</strong></span> <span class='ocrx_word' id='word_1_234' title='bbox 452 4274 507 4336; x_wconf 87' lang='lat' dir='ltr'><strong>si</strong></span> <span class='ocrx_word' id='word_1_235' title='bbox 550 4270 710 4356; x_wconf 86' lang='lat' dir='ltr'><strong>quid</strong></span> <span class='ocrx_word' id='word_1_236' title='bbox 759 4270 937 4333; x_wconf 86' lang='lat' dir='ltr'><strong>fricti</strong></span> <span class='ocrx_word' id='word_1_237' title='bbox 988 4272 1221 4335; x_wconf 86' lang='lat' dir='ltr'><strong>ciceris</strong></span> <span class='ocrx_word' id='word_1_238' title='bbox 1266 4273 1499 4357; x_wconf 89' lang='lat' dir='ltr'><strong>probat</strong></span> <span class='ocrx_word' id='word_1_239' title='bbox 1541 4280 1606 4335; x_wconf 87' lang='lat' dir='ltr'><strong>et</strong></span> <span class='ocrx_word' id='word_1_240' title='bbox 1647 4272 1834 4335; x_wconf 88' lang='lat' dir='ltr'><strong>nucis</strong></span> <span class='ocrx_word' id='word_1_241' title='bbox 1877 4280 2112 4353; x_wconf 87' lang='lat' dir='ltr'><strong>emtor,</strong></span> 
     </span>
    </p>
   </div>
   <div class='ocr_carea' id='block_1_6' title="bbox 2601 575 2707 625">
    <p class='ocr_par' dir='ltr' id='par_1_17' title="bbox 2601 575 2707 625">
     <span class='ocr_line' id='line_1_38' title="bbox 2601 575 2707 625; baseline -0.019 0"><span class='ocrx_word' id='word_1_242' title='bbox 2601 575 2707 625; x_wconf 84' lang='lat'><strong>215</strong></span> 
     </span>
    </p>
   </div>
   <div class='ocr_carea' id='block_1_7' title="bbox 2604 1204 2708 1253">
    <p class='ocr_par' dir='ltr' id='par_1_18' title="bbox 2604 1204 2708 1253">
     <span class='ocr_line' id='line_1_39' title="bbox 2604 1204 2708 1253; baseline 0.01 -1"><span class='ocrx_word' id='word_1_243' title='bbox 2604 1204 2708 1253; x_wconf 80' lang='lat'><strong>220</strong></span> 
     </span>
    </p>
   </div>
   <div class='ocr_carea' id='block_1_8' title="bbox 2601 1735 2704 1784">
    <p class='ocr_par' dir='ltr' id='par_1_19' title="bbox 2601 1735 2704 1784">
     <span class='ocr_line' id='line_1_40' title="bbox 2601 1735 2704 1784; baseline 0.01 -1"><span class='ocrx_word' id='word_1_244' title='bbox 2601 1735 2704 1784; x_wconf 79' lang='lat'><strong>225</strong></span> 
     </span>
    </p>
   </div>
   <div class='ocr_carea' id='block_1_9' title="bbox 2597 2277 2699 2328">
    <p class='ocr_par' dir='ltr' id='par_1_20' title="bbox 2597 2277 2699 2328">
     <span class='ocr_line' id='line_1_41' title="bbox 2597 2277 2699 2328; baseline -0.01 0"><span class='ocrx_word' id='word_1_245' title='bbox 2597 2277 2699 2328; x_wconf 84' lang='lat'><strong>230</strong></span> 
     </span>
    </p>
   </div>
   <div class='ocr_carea' id='block_1_10' title="bbox 2591 2805 2693 2856">
    <p class='ocr_par' dir='ltr' id='par_1_21' title="bbox 2591 2805 2693 2856">
     <span class='ocr_line' id='line_1_42' title="bbox 2591 2805 2693 2856; baseline 0 -1"><span class='ocrx_word' id='word_1_246' title='bbox 2591 2805 2693 2856; x_wconf 85' lang='lat'><strong>235</strong></span> 
     </span>
    </p>
   </div>
   <div class='ocr_carea' id='block_1_11' title="bbox 2585 3332 2691 3382">
    <p class='ocr_par' dir='ltr' id='par_1_22' title="bbox 2585 3332 2691 3382">
     <span class='ocr_line' id='line_1_43' title="bbox 2585 3332 2691 3382; baseline 0 -1"><span class='ocrx_word' id='word_1_247' title='bbox 2585 3332 2691 3382; x_wconf 82' lang='lat'><strong>240</strong></span> 
     </span>
    </p>
   </div>
  </div>
 </body>
</html>
