2919 4716
314 247 395 312 38
1234 254 1578 302 emerem
1589 255 1732 302 num

320 427 721 516 Antiphaten
766 425 1183 513 Scyllamque
1228 434 1291 489 et
1330 445 1478 488 cum
1517 423 1806 510 Cyclope
1849 423 2280 510 Charybdim.
2655 432 2734 482 145

320 537 461 602 Nec
503 534 783 600 reditum
828 530 1169 596 Diomedis
1212 529 1297 594 ab
1338 531 1610 594 interitu
1651 528 2001 616 Meleagri,
2103 567 2136 592 0

321 643 462 708 Nec
502 639 763 728 gemino
804 636 1051 702 bellum
1093 635 1447 702 Troianum
1493 635 1746 700 orditur
1787 637 1872 700 ab
1917 658 2080 720 ov03

324 750 595 835 Semper
638 745 725 810 ad
766 750 1073 808 eventum
1118 741 1389 808 festinat
1430 749 1498 806 et
1539 743 1608 806 in
1645 741 1900 806 medias
1943 765 2048 808 res

322 857 471 922 Non
509 875 699 921 secus
734 872 813 916 ac
850 857 1037 917 notas
1084 847 1447 913 auditorem
1494 849 1702 934 rapit,
1745 855 1812 912 et
1857 871 2022 935 quae

324 965 655 1052 Desperat
692 963 973 1024 tractata
1010 957 1335 1020 nitescere
1376 975 1601 1041 posse,
1645 953 1986 1042 relinquit,
2575 987 2586 996 ·
2621 995 2626 1002 -
2669 966 2741 1043 159

324 1073 543 1158 Atque
584 1071 679 1134 ita
718 1063 1059 1143 mentitur,
1100 1063 1195 1126 sic
1238 1061 1415 1125 veris
1456 1059 1628 1124 falsa
1673 1065 2007 1145 remiscet,

324 1177 545 1242 Primo
582 1193 665 1238 ne
706 1169 1031 1249 medium,
1072 1165 1286 1232 medio
1328 1189 1409 1231 ne
1455 1167 1782 1255 discrepet
1821 1170 2042 1232 imum.

308 1389 429 1456 .Tu
451 1419 468 1470 5
512 1383 675 1472 quid
714 1404 837 1468 ego
880 1389 945 1445 et
989 1378 1267 1466 populus
1313 1401 1567 1444 mecum
1610 1378 1971 1462 desideret,
2012 1379 2198 1462 audi,

329 1496 399 1560 Si
442 1490 767 1581 plausoris
808 1509 963 1574 eges
1006 1487 1239 1550 aulaea
1278 1489 1602 1552 manentis
1647 1496 1712 1552 et
1748 1507 1954 1572 usque

330 1600 621 1681 Sessuri,
666 1596 893 1676 donec,
918 1600 1145 1658 cantor
1194 1591 1377 1676 „Vos
1418 1595 1772 1680 plaudite“
1815 1593 2011 1658 dicat.
2655 1599 2750 1652 ·155

330 1705 585 1770 Aetatis
631 1701 945 1784 cuiusque
988 1698 1264 1763 notandi
1310 1709 1463 1763 sunt
1502 1701 1625 1765 tibi
1667 1720 1914 1780 morea,

331 1807 819 1890 Mobilibusque
864 1803 1061 1868 decor
1100 1804 1373 1868 maturis
1407 1805 1674 1870 dandus
1721 1813 1786 1869 et
1827 1805 2038 1869 annis.

332 1914 633 1980 Reddere
678 1911 791 1997 qui
835 1929 1031 1976 voces
1068 1911 1199 1974 iam
1248 1911 1372 1974 scit
1414 1933 1576 1998 puer
1615 1919 1682 1975 et
1719 1909 1886 1997 pede
1925 1915 2099 1972 certo

332 2023 566 2107 Signat
600 2018 902 2098 humum,
948 2017 1148 2100 gestit
1190 2015 1459 2104 paribus
1502 2014 1830 2080 colludere
1877 2021 1940 2077 et
1981 2014 2144 2078 iram
2197 2087 2204 2093 ,

333 2125 605 2212 Colligit
648 2145 726 2187 ac
766 2123 955 2209 ponit
991 2129 1237 2186 temere
1282 2130 1345 2185 et
1382 2127 1670 2184 mutatur
1705 2121 1782 2183 'in
1825 2120 2073 2186 horass
2377 2177 2386 2182 .
2681 2133 2754 2183 160

330 2231 679 2298 Imberbus
720 2213 977 2292 iuvenis
1020 2226 1287 2290 tandem
1329 2226 1596 2291 custode
1636 2235 1886 2292 remoto

335 2339 599 2407 Gaudet
642 2337 826 2424 equis
872 2332 1274 2420 canibusque
1320 2341 1384 2397 et
1426 2333 1630 2421 aprici
1664 2334 1974 2420 gramine
2020 2333 2263 2418 campi,
2309 2384 2316 2390 .

336 2452 587 2513 Cereus
628 2447 697 2508 in
740 2444 971 2508 vitium
1012 2439 1216 2523 flecti,
1257 2429 1688 2506 monitoribus
1729 2462 1988 2528 asper„

336 2544 617 2623 Utilium
660 2549 885 2615 tardus
924 2545 1264 2634 provisor,
1310 2546 1630 2633 prodigus
1671 2550 1878 2629 aeris,
2379 2622 2386 2628 ,

326 2658 649 2735 Sublimis
692 2653 1095 2741 cupidusque
1140 2660 1207 2716 et
1248 2662 1464 2717 amata
1505 2652 1874 2740 relinquere
1921 2654 2176 2739 pernix.
2361 2728 2368 2734 ,
2685 2663 2757 2714 165

322 2732 691 2853 ‚bonversis
736 2757 971 2822 studiis
1015 2765 1197 2821 aetas
1242 2760 1628 2844 animusque
1674 2757 1884 2823 virilis

339 2871 613 2954 Quaerit
657 2887 813 2954 opes
866 2872 931 2927 et
974 2862 1328 2945 amicitias,
1368 2864 1952 2951 inservit-honori,

340 2976 759 3043 Commisisse
804 2978 1030 3051 cavet,
1077 2969 1253 3057 quod
1295 2992 1451 3034 mox
1495 2980 1746 3034 mutare
1791 2970 2061 3051 laboret.

337 3082 549 3147 Multa
594 3102 829 3157 senem,
860 3077 1860 3160 circumveniunt-incommoda,
1906 3076 2016 3141 ve'l
2059 3076 2234 3163 quod

338 3190 613 3271 Quaerit
654 3195 721 3251 et
756 3185 1043 3249 inventis
1088 3182 1287 3245 miser
1324 3183 1610 3247 abstinet
1653 3206 1730 3248 ac
1772 3186 1958 3249 timet
1997 3186 2125 3264 uti,
2685 3196 2758 3249 170

274 3332 291 3346 ·
339 3294 462 3359 Vel
507 3293 683 3381 quod
726 3314 831 3357 res
876 3310 1101 3355 omnes
1146 3288 1375 3353 timide
1418 3287 1764 3377 gelideque
1807 3289 2166 3370 ministrat,

338 3387 601 3467 Dilator
646 3422 761 3487 spe
796 3400 1059 3483 longus,
1106 3398 1317 3478 inerS,
1362 3395 1728 3481 avidusque
1769 3394 2008 3477 futuri,
2340 3386 2350 3394 ’
2833 3426 2835 3473 1

336 3507 686 3589 Difficilis,
730 3505 1075 3592 queruluS,
1114 3501 1417 3596 laudator
1456 3502 1766 3586 temporis
1809 3486 1946 3565 acti·
2686 3485 2693 3495 ⁶

343 3614 428 3679 Se
472 3633 705 3699 puer-0,
752 3612 1107 3695 castigator
1150 3630 1510 3695 censorque
1555 3610 1898 3673 minorum.
1979 3604 1998 3649 ;

341 3718 553 3784 Multa
594 3717 828 3801 ferunt·
854 3715 1010 3777 anni
1046 3716 1387 3779 venientes
1430 3706 1771 3779 commoda
1819 3736 2072 3798 secum,
2683 3718 2755 3772 175

340 3824 549 3890 Multa
592 3821 973 3887 recedentes
1018 3820 1347 3904 adimunt3
1387 3845 1470 3886 ne
1515 3821 1682 3887 forte
1729 3820 1968 3885 seniles
2038 3846 2044 3856 ·

341 3931 737 3997 Mandentur
773 3927 997 3991 iuveni
1040 3934 1262 4013 partes
1306 3949 1636 4012 pueroque
1670 3926 1918 3991 virileS.

344 4039 615 4125 Semper
657 4038 725 4099 in
768 4034 1095 4099 adiunctis
1134 4054 1425 4119 aevoque
1468 4034 1869 4099 morabimur
1913 4036 2101 4133 aptis.

303 4206 363 4239 ‚0

343 4249 481 4311 Aut
523 4248 741 4331 agitur
778 4266 885 4308 res
928 4246 999 4307 in
1040 4244 1288 4325 scenis,
1334 4252 1447 4306 aut
1491 4252 1642 4308 acta
1683 4246 1983 4309 refertur.
