2919 4716
301 256 380 316 34
1213 269 1705 318 nms‘ronfflnu

1166 503 1526 570 Emsrom
1581 505 1741 570 XII.

1123 642 1185 702 A
1205 647 1266 705 n
1338 646 1372 705 1
1395 645 1445 706 c
1472 645 1523 704 c
1544 646 1578 704 1
1602 645 1663 706 U
1688 646 1786 704 M.

295 790 650 855 Fructibus
697 791 1034 876 Agrippae
1073 789 1347 875 Siculis,
1393 813 1557 878 quos
1604 790 1889 876 colligis,
1930 790 2099 872 Icci,

299 897 370 960 Si
413 903 589 960 recte
632 895 901 979 frueris,
943 917 1076 961 non
1120 906 1222 961 est
1263 904 1336 960 ut
1375 899 1566 984 copia
1602 899 1809 962 maior

293 1006 401 1070 Ab
446 1004 604 1069 Iove
649 1001 880 1066 donari
921 1005 1131 1089 possit
1171 1004 1314 1068 tibi.
1403 1002 1591 1067 Tolle
1632 1001 1965 1088 querelas!

292 1109 553 1196 Pauper
595 1110 769 1172 enim
802 1126 944 1172 'non
981 1118 1113 1192 est,
1161 1109 1268 1172 cui
1310 1131 1529 1174 rerum
1574 1111 1861 1196 suppetit
1900 1129 2081 1172 usus.

293 1213 365 1280 Si
405 1217 622 1281 ventri
665 1216 863 1298 bene,
912 1217 970 1280 si
1013 1214 1204 1278 lateri
1245 1222 1346 1278 est
1385 1214 1798 1301 pedibusque
1844 1215 2007 1295 tuis,
2052 1212 2147 1276 nil

289 1319 586 1383 Divitiae
629 1328 935 1408 poterunt
980 1319 1236 1405 regales
1277 1320 1520 1385 addere
1564 1321 1796 1384 maius.

292 1427 364 1490 Si
405 1426 573 1490 forte
612 1429 683 1491 in
723 1427 940 1493 medio
983 1428 1343 1514 positorum
1383 1426 1741 1491 abstemius
1780 1425 2002 1492 herbis

286 1531 481 1598 Vivis
521 1540 588 1595 et
633 1532 874 1614 urtica,
920 1535 1014 1598 sic
1058 1533 1246 1598 vives
1286 1533 1619 1619 protinus,
1664 1541 1739 1595 ut
1781 1541 1847 1596 te

293 1637 660 1702 Confestim
697 1637 986 1724 liquidus
1033 1637 1334 1702 fortunae
1377 1639 1563 1703 rivus
1605 1640 1890 1719 inauret,
1983 1697 1992 1704 .

291 1735 418 1805 Vel
455 1744 612 1828 quia
654 1751 957 1808 naturam
997 1753 1254 1809 mutare
1294 1744 1575 1829 pecunia
1615 1745 1861 1827 nescit,

289 1846 413 1910 Vel
450 1849 607 1933 quia
649 1857 885 1914 cuncta
924 1860 1117 1937 putas
1155 1854 1288 1914 una
1326 1849 1569 1913 virtute
1612 1850 1883 1913 minora.

285 1951 630 2034 Miramur,
679 1956 736 2018 si
775 1955 1139 2020 Democriti
1171 1977 1371 2043 pecus
1418 1954 1556 2019 edit
1598 1954 1845 2040 agellos

223 2095 226 2099 ·
289 2055 638 2142 Cultaque,
687 2061 840 2125 dum
879 2085 1154 2149 peregre
1201 2071 1300 2126 est
1336 2061 1593 2124 animus
1640 2063 1781 2126 sine
1826 2081 2096 2147 corpore
2136 2057 2366 2140 velox3

288 2164 453 2227 Cum
497 2173 572 2227 tu
614 2168 784 2232 inter
829 2168 1114 2233 scabiem
1157 2177 1406 2234 tantam
1453 2176 1519 2231 et
1564 2167 1867 2252 contagia
1909 2165 2073 2230 lucri

284 2270 395 2335 Nil
437 2294 714 2361 parvum
756 2275 975 2363 sapias
1020 2284 1086 2340 et
1129 2274 1344 2339 adhuc
1386 2273 1696 2338 sublimia
1736 2271 1974 2337 cures?

282 2379 468 2459 Quae
510 2402 690 2445 mare
735 2392 1152 2469 compescant
1197 2402 1469 2461 causae,
1518 2380 1677 2467 quid
1714 2386 2032 2465 temperet
2074 2398 2316 2441 annum
2331 2426 2350 2459 ‚

285 2485 526 2550 Stellae
571 2496 797 2572 sponte
845 2496 965 2551 sua
1000 2491 1302 2554 iussaene
1337 2494 1665 2571 vagentur
1710 2494 1776 2549 et
1818 2492 2074 2567 errent3

284 2592 464 2673 Quid
506 2601 760 2678 premat
794 2593 1143 2658 obscurum
1185 2593 1410 2673 lunae,
1461 2591 1621 2677 quid
1656 2592 1947 2678 proferat
1990 2588 2247 2673 orbem3

282 2697 462 2777 Quid
500 2697 662 2761 velit
706 2707 770 2762 et
816 2699 1028 2786 possit
1071 2720 1289 2763 rerum
1330 2698 1680 2763 concordia
1729 2698 2014 2781 discors3

280 2801 712 2889 Empedocles
753 2824 840 2867 an
880 2804 1263 2879 Stertinium
1309 2804 1546 2869 deliret
1584 2828 1879 2870 acumen.

278 2912 518 2974 Verum
565 2930 682 2973 seu
725 2910 942 2995 pisces
987 2933 1102 2975 seu
1138 2932 1402 2997 porrum
1449 2920 1515 2975 et
1554 2934 1753 2998 caepe
1795 2912 2117 2993 trucidas,

279 3015 481 3081 Utere
529 3014 840 3103 Pompeio
884 3017 1187 3104 Grospho
1230 3026 1329 3100 et,
1370 3018 1426 3090 si
1469 3018 1629 3104 quid
1670 3026 1879 3104 petet,
1918 3019 2091 3084 ultro

276 3122 514 3186 Defer:
561 3121 656 3185 nil
691 3123 1033 3211 Grosphus
1077 3124 1211 3188 nisi
1255 3147 1483 3190 verum
1524 3124 1739 3189 orabit
1784 3133 1848 3189 et
1891 3145 2191 3211 aequum.

273 3228 446 3293 Vilis
483 3230 838 3294 amicorum
885 3239 985 3296 est
1027 3240 1318 3314 annona,
1363 3231 1557 3296 bonis
1604 3231 1720 3302 ubi
1759 3229 1920 3317 quid
1961 3229 2166 3294 deest.

273 3335 376 3401 Ne
419 3346 640 3401 tamen
679 3336 976 3421 ignores,
1021 3360 1148 3426 quo
1187 3339 1274 3403 sit
1316 3338 1615 3401 Romana
1636 3335 1815 3401 'lo‘co'
1836 3342 1977 3401 res:

276 3440 606 3506 Cantaber
650 3444 1017 3531 Agrippae,
1063 3444 1300 3510 Claudi
1344 3444 1591 3507 virtute
1636 3442 1917 3509 Neronis

275 3548 628 3612 Armenius
665 3547 939 3631 cecidit3
986 3548 1089 3610 ius
1133 3550 1609 3635 imperiumque
1653 3548 1969 3613 Phraates

276 3653 582 3718 Caesaris
627 3653 879 3737 accepit
916 3652 1198 3737 genibus
1239 3654 1489 3738 minor3
1538 3676 1739 3719 aurea
1776 3654 2003 3737 fruges

271 3758 504 3825 Italiae
548 3760 741 3848 pleno
787 3759 1090 3825 defundit
1135 3758 1342 3846 Copia
1379 3782 1600 3825 cornu.

2660 1757 2724 1807 10

2654 2289 2721 2338 15

2652 2818 2724 2869 20

2652 3352 2726 3401 25
