2919 4716
287 250 366 309 44
1203 222 1692 307 spzsronAnnm

285 431 532 517 Aequis
577 430 908 518 accipiunt
951 430 1186 493 animis
1227 430 1557 495 donantve
1606 452 1866 497 corona.

288 642 558 731 Syllaba
599 640 796 727 longa
843 640 1030 707 brevi
1075 640 1370 723 subiecta
1411 650 1683 707 vocatur
1724 633 2013 724 iambus,

283 751 409 816 Pes
453 749 620 815 citus
665 744 750 795 ὲ-
794 746 965 811 unde
1011 748 1204 812 etiam
1251 749 1564 831 trimetris
1608 770 1983 813 accrescere
2024 749 2218 814 iussit

283 855 536 921 Nomen
581 851 888 933 iambeis,
928 872 1073 917 eum
1122 874 1312 917 senos
1351 853 1659 918 redderet
1700 854 1869 919 ictus

283 961 542 1027 Primus
585 958 672 1023 ad
715 967 1074 1024 extremum
1116 958 1348 1025 similis
1383 960 1541 1025 sibi:
1580 981 1713 1023 non
1751 959 1846 1022 ita
1888 959 2173 1046 pridem,

177 1090 182 1095 ·
283 1066 564 1133 Tardior
601 1073 675 1129 ut
717 1065 910 1151 paulo
935 1055 1341 1153 ,graviorque
1383 1067 1643 1150 veni-ret
1678 1064 1763 1127 ad
1806 1086 2031 1145 aures,
2103 1102 2123 1116 ι

283 1173 621 1263 Spondeos
668 1170 938 1236 stabiles
983 1172 1054 1235 in
1097 1172 1240 1235 iura
1283 1181 1557 1259 paterna
1602 1172 1849 1257 recepit

284 1278 678 1347 Commodus
724 1284 786 1341 et
825 1278 1116 1369 patiens,
1159 1298 1290 1342 non
1333 1287 1405 1343 u't
1447 1280 1529 1343 de
1554 1278 1722 1370 ,sede
1765 1275 2051 1341 secunda

284 1385 564 1451 Cederet
599 1392 984 1469 autquarta
1031 1382 1360 1450 socialiter
1393 1387 1625 1451 --hic
1664 1394 1729 1451 et
1772 1384 1843 1447 in
1886 1383 2047 1447 Acci

283 1477 632 1557 Nobilibus
657 1491 981 1586 ‘trimetris
1025 1502 1312 1579 apparet,
1335 1514 1554 1576 raruS,
1600 1480 1666 1557 et
1711 1491 1887 1555 Enni

281 1600 362 1663 In
403 1618 666 1663 scenam
708 1597 940 1675 missos
995 1620 1144 1662 eum
1169 1594 1424 1687 ‘magno
1464 1599 1754 1688 pondere
1798 1622 2027 1665 versus

279 1706 416 1771 Aut
458 1723 692 1790 operae
732 1702 971 1775 celeris,
1006 1704 1276 1768 nimium
1321 1716 1611 1796 curaque
1652 1708 1931 1785 carentis

279 1814 416 1877 Aut
447 1811 789 1897 ignoratae
830 1810 1066 1894 premit
1109 1811 1272 1889 artis
1303 1812 1589 1877 crimine
1630 1807 1827 1899 turpi.

278 1918 426 1983 Non
471 1916 689 2003 quivis
733 1913 914 1979 videt
955 1914 1383 1981 immodulata
1422 1926 1725 2005 poemata
1768 1920 1969 1984 iudex
1979 1968 1996 2001 ,

278 2025 370 2089 Et
415 2021 922 2095 data-Romanis
973 2022 1170 2087 venia
1215 2031 1316 2086 est
1357 2024 1633 2109 indigna
1677 2027 1921 2109 poetis3

278 2133 620 2197 Idcircone
657 2149 862 2213 vager
905 2128 1316 2216 scribamque
1361 2130 1667 2214 licenter,
1702 2155 1787 2195 an
1830 2154 2053 2197 omnes

281 2240 578 2305 Visuros-
599 2242 868 2323 peccata
908 2242 1130 2322 putem
1177 2237 1368 2301 mea?
1398 2223 1404 2228 ¹
1437 2235 1646 2327 Tutus
1692 2248 1756 2303 et
1798 2240 1969 2304 intra

283 2346 478 2434 Spem
521 2342 755 2408 veniae
801 2349 1062 2426 cautus,
1109 2342 1316 2410 vitavi
1356 2342 1636 2430 denique
1682 2345 1937 2433 culpam
1954 2395 1971 2426 ,

279 2451 430 2518 Non
467 2449 731 2515 laudem
775 2449 1008 2514 merui.
1095 2449 1250 2515 Vos.
1273 2449 1693 2536 exemplaria·
1718 2450 1976 2516 Graeca

279 2559 616 2624 Nocturna
657 2566 917 2620 versate
962 2577 1191 2636 manu,
1237 2564 1497 2618 versate
1536 2556 1793 2623 diurna.

277 2666 370 2729 At
413 2660 620 2728 vestri
659 2665 892 2750 proavi
935 2662 1276 2726 Plautinos
1323 2668 1390 2724 et
1431 2683 1737 2728 numeros
1784 2672 1851 2728 et

276 2770 668 2836 Laudavere
711 2766 918 2849 sales,
964 2767 1237 2830 nimium
1280 2767 1607 2852 patienter
1651 2776 2025 2856 utrumque,

279 2878 380 2944 Ne
421 2876 636 2942 dicam
683 2871 910 2956 stulte,
957 2872 1209 2954 mirati,
1261 2873 1316 2935 si
1357 2871 1551 2938 modo
1598 2895 1719 2960 ego
1765 2884 1829 2939 et
1866 2898 1984 2940 vos

279 2986 533 3052 Scimus
579 2978 974 3047 inurbanum
1025 2977 1244 3064 lepido
1290 3000 1607 3065 seponere
1648 2980 1825 3046 dicto

273 3091 802 3178 Legitimumque
843 3107 1070 3151 sonum
1117 3085 1340 3170 digitis
1381 3083 1695 3150 callemus
1739 3095 1803 3150 et
1844 3109 2019 3154 aure.

276 3196 580 3284 Ignotum
624 3195 914 3280 tragicae
959 3214 1167 3278 genus
1215 3193 1551 3258 invenisse
1596 3191 1925 3259 Camenae

279 3305 540 3369 Dicitur
583 3311 648 3368 et
687 3278 1000 3388 plaustris
1034 3300 1298 3390 vexisse
1337 3307 1641 3385 poemata
1684 3300 1995 3389 Thespis,
2092 3307 2095 3310 ’

278 3411 462 3491 Quae
508 3414 818 3473 canerent
857 3413 1258 3490 agerentque
1303 3399 1603 3492 peruncti
1648 3407 1947 3475 faecibus
1994 3409 2161 3473 ora.'

276 3516 436 3580 Post
479 3513 651 3578 hunc
693 3513 1015 3598 personae
1053 3511 1397 3598 pallaeque
1441 3514 2089 3598 repertor.honestae

275 3621 646 3709 Aeschylus
693 3627 758 3682 et
797 3617 1072 3682 modicis
1117 3618 1422 3684 instravit
1464 3617 1718 3706 pulpita
1760 3621 1998 3706 tignis,

275 3729 364 3794 Et
409 3726 630 3792 docuit
675 3745 1111 3810 magnumque
1152 3723 1328 3810 loqui
1369 3725 1622 3812 nitique
1662 3725 1997 3790 cothurno,

277 3833 610 3902 Successit
649 3838 842 3897 vetus
883 3828 985 3894 his
1035 3828 1399 3912 comoedia,
1448 3851 1579 3894 non
1624 3831 1764 3896 sine
1810 3832 2013 3896 multa

274 3942 533 4024 Laude3
581 3939 700 4006 sed
733 3938 803 4001 in
847 3937 1080 4002 vitium
1116 3933 1386 3998 libertas
1431 3935 1681 4001 excidit
1726 3943 1793 4000 et
1828 3939 1964 4002 vim

275 4047 566 4132 Dignam
608 4045 754 4130 lege
793 4043 968 4128 regi:
1014 4041 1124 4105 lex
1170 4050 1270 4106 est
1312 4049 1587 4128 accepta
1603 4083 1632 4126 ,-
1663 4042 2028 4130 chorusque

277 4152 584 4236 Turpiter
629 4148 906 4212 obticuit
949 4148 1204 4230 sublato
1249 4150 1392 4214 iure
1431 4149 1744 4242 nocendi..
1921 4134 1931 4144 ⁴

275 4253 388 4317 Nil
431 4254 820 4314 intentatum
859 4254 1067 4317 nostri
1109 4255 1357 4338 liquere
1399 4262 1657 4340 poetae.

2626 442 2708 491 250

2638 2673 2729 2724 270

2633 3201 2727 3251 275

2630 3731 2723 3781 280

2631 4265 2722 4314 285
