2919 4716
299 248 320 306 1
339 246 376 305 2
1217 261 1707 311 ΕΡΙεΤοιΑΒυΜ

293 428 504 510 Quem
549 428 700 494 tulit
739 430 826 494 ad
870 451 1132 495 scenam
1171 437 1443 497 ventoso
1486 432 1714 499 Gloria
1756 455 1951 498 curru
1967 484 1985 517 ,

291 537 648 601 Exanimat
689 538 903 601 lentus
949 544 1306 622 spectator,
1353 537 1623 603 sedulus
1664 539 1880 604 inflat:

291 642 400 709 Sic
443 640 610 725 leve,
657 643 754 707 sic
793 664 1072 729 parvum
1113 652 1244 725 est,
1285 644 1573 708 animum
1618 644 1793 731 quod
1838 644 2053 710 laudis
2096 669 2369 709 avarum

290 749 562 815 Subruit
605 757 719 813 aut
760 748 990 815 reficit.
1072 748 1306 813 Valeat
1347 772 1452 815 res
1490 750 1772 834 ludicra,
1816 752 1872 816 si
1914 774 2019 817 me

289 855 519 920 Palma
554 864 794 943 negata
835 876 1158 939 macrum,
1201 855 1442 922 donata
1484 857 1739 922 reducit
1778 859 2098 945 opimum!

289 1004 501 1093 Saepe
545 1006 742 1069 etiam
783 1004 1096 1069 audacem
1137 1004 1324 1089 fugat
1361 1006 1485 1069 hoc
1530 1014 1859 1093 terretque
1900 1020 2191 1094 poetam,

289 1110 481 1192 Quod
527 1130 794 1173 numero
838 1109 1092 1195 plures,
1137 1112 1381 1177 virtute
1425 1119 1490 1174 et
1530 1110 1778 1176 honore
1814 1113 2132 1194 minoreS,

285 1216 546 1283 Indocti
587 1212 938 1300 stolidique
983 1223 1047 1279 et
1085 1216 1465 1303 depugnare
1509 1218 1752 1303 parati,

286 1324 358 1389 Si
403 1320 734 1387 discordet
777 1341 1009 1406 eques,
1047 1320 1263 1385 media
1307 1321 1481 1384 inter
1524 1325 1814 1388 carmina
1856 1333 2135 1411 poscunt

283 1433 422 1497 Aut
463 1449 687 1493 ursum
729 1434 844 1488 aut
885 1426 1176 1512 pugiles;
1216 1426 1319 1490 his
1367 1450 1517 1492 nam
1562 1427 1907 1515 plebecula
1948 1428 2215 1517 plaudit.

285 1538 530 1601 Verum
579 1534 817 1619 equitis
863 1554 1118 1618 quoque
1159 1532 1288 1595 iam
1329 1534 1643 1618 migravit
1684 1534 1769 1598 ab
1816 1556 1970 1598 aure
2016 1534 2319 1622 voluptas

283 1644 515 1707 Omnis
558 1639 644 1703 ad
684 1640 966 1702 incertos
1009 1636 1228 1700 oculos
1277 1642 1341 1699 et
1377 1636 1625 1721 gaudia
1664 1662 1856 1706 vana.

285 1748 608 1829 Quattuor
643 1754 756 1809 aut
800 1743 1022 1829 plures
1061 1738 1292 1805 aulaea
1331 1754 1715 1825 premuntur
1757 1748 1826 1810 in
1870 1745 2064 1810 horas
2083 1795 2100 1827 ,

161 1884 172 1895 ·
282 1854 460 1918 Dum
501 1853 766 1937 fugiunt
801 1849 1096 1936 equitum
1137 1852 1390 1909 turmae
1433 1850 1854 1939 peditumque
1896 1859 2230 1933 catervae,

281 1959 441 2024 Mox
481 1956 764 2022 trahitur
799 1951 1100 2018 manibus
1140 1972 1370 2035 regum
1412 1953 1677 2019 fortuna
1715 1963 2011 2039 retortis,

281 2063 540 2129 Esseda
582 2060 930 2141 festinant,
973 2059 1255 2145 pilenta,
1299 2062 1647 2144 petorrita,
1693 2083 1933 2146 naves,

283 2173 635 2257 Captivum
677 2174 973 2255 portatur
1015 2160 1206 2243 ebur,
1253 2164 1518 2248 captiva
1563 2165 1937 2231 Corinthus,

282 2278 355 2343 Si
399 2276 570 2342 foret
609 2275 678 2338 in
718 2273 944 2353 terris,
989 2271 1235 2334 rideret
1273 2270 1725 2355 Democritus,
1774 2294 1891 2337 seu

278 2385 638 2449 Diversum
681 2379 957 2444 confusa
999 2399 1210 2462 genus
1259 2378 1577 2464 panthera
1618 2379 1865 2443 camelo

279 2492 435 2557 Sive
479 2486 742 2573 elephas
788 2484 976 2548 albus
1020 2481 1205 2569 vulgi
1251 2494 1662 2550 converteret
1704 2508 1852 2569 ora3

281 2596 618 2683 Spectaret
660 2590 972 2678 populum
1015 2590 1191 2654 ludis
1235 2593 1547 2654 attentius
1584 2592 1780 2678 ipsiS,

279 2701 370 2764 Ut
413 2697 540 2762 sibi
585 2699 1010 2784 praebentem
1053 2697 1250 2759 mimo
1295 2696 1670 2782 spectacula
1709 2697 1920 2784 plura.

277 2806 644 2892 Scriptores
691 2812 908 2868 autem
955 2823 1221 2866 narrare
1259 2811 1521 2887 putaret
1560 2799 1762 2865 asello

171 2935 180 2942 ·
275 2909 615 2975 Fabellam
661 2909 890 2993 surd03
935 2930 1088 2974 nam
1133 2929 1300 2993 quae
1337 2908 1720 2994 pervincere
1760 2932 1955 2974 voces

273 3016 606 3082 Evaluere
643 3038 906 3099 sonum,
951 3015 1246 3079 referunt
1289 3035 1481 3100 quem
1529 3025 1752 3078 nostra
1792 3015 2099 3080 theatra?

277 3125 660 3208 Garganum
703 3122 956 3206 mugire
999 3130 1186 3208 putes
1235 3141 1467 3184 nemus
1512 3130 1626 3184 aut
1668 3145 1847 3186 mare
1892 3123 2212 3206 Tuscum,

275 3231 488 3295 Tanto
533 3253 682 3294 cum
727 3229 1006 3314 strepitu
1051 3227 1188 3291 ludi
1235 3235 1613 3313 spectantur
1656 3234 1720 3289 et
1763 3236 1938 3291 artes

273 3337 698 3424 Divitiaeque
737 3335 1142 3424 peregrinae.
1234 3331 1492 3413 Quibus
1528 3330 1772 3397 oblitus
1816 3344 1999 3418 actor

275 3445 442 3508 Cum
480 3445 663 3507 stetit
703 3443 774 3506 in
813 3464 1039 3523 scena,
1079 3439 1407 3505 concurrit
1449 3437 1723 3501 dextera
1765 3437 2015 3505 laevae.

273 3551 468 3615 Dixit
503 3549 718 3614 adhuc
761 3546 1058 3634 aliquid?
1144 3544 1256 3609 Nil
1301 3567 1479 3609 sane.
1572 3543 1748 3624 Quid
1790 3546 2007 3631 placet
2048 3555 2253 3634 ergo?

279 3657 468 3721 Lana
506 3656 863 3720 Tarentino
900 3655 1107 3717 violas
1149 3652 1402 3715 imitata
1441 3672 1717 3715 veneno.

271 3831 372 3894 Ac
407 3851 491 3894 ne
534 3828 702 3895 forte
746 3836 936 3916 putes
981 3845 1116 3908 me,
1162 3843 1332 3910 quae
1373 3821 1595 3886 facere
1638 3822 1781 3909 ipse
1826 3845 2154 3909 recusem,

271 3934 436 4000 Cum
479 3944 658 4000 recte
707 3940 990 3999 tractent
1031 3930 1148 3994 alii
1164 3977 1184 4011 ,
1229 3927 1499 3992 laudare
1543 3929 1861 4015 maligne:

265 4040 390 4104 Ille
432 4061 552 4126 per
593 4049 932 4105 extentum
977 4040 1204 4103 funem
1243 4035 1402 4099 mihi
1446 4057 1643 4122 posse
1682 4037 1947 4101 videtur

265 4147 376 4210 Ire
417 4153 614 4232 poeta
627 4195 648 4226 ,
691 4167 906 4210 meum
953 4147 1068 4232 qui
1104 4153 1336 4232 pectus
1379 4148 1667 4210 inaniter
1706 4147 1924 4230 angit,

267 4250 528 4329 Irritat,
571 4247 842 4328 mulcet,
889 4251 1078 4313 falsis
1115 4250 1478 4315 terroribus
1520 4248 1779 4336 implet,

2684 768 2771 817 180

2671 1345 2759 1394 185

2568 1876 2755 1925 ’190

2660 2404 2746 2454 195

2642 2936 2739 2985 200

2634 3469 2734 3518 205

2634 4062 2733 4110 210
