2919 4716
277 212 358 271 22
761 250 764 255 -
1193 216 1689 265 ErisronARuu

279 394 368 457 Et
413 389 646 455 studiis
693 411 902 452 annos
939 396 1188 475 septem
1237 387 1418 451 dedit
1462 386 1877 472 insenuitque

278 498 498 563 Libris
543 504 608 559 et
647 494 822 558 curis
869 504 1085 559 statua
1126 494 1551 576 taciturnius,
1597 493 1735 555 exit

280 605 670 689 Plerumque
713 609 777 665 et
819 604 958 665 risu
1001 598 1310 685 populum
1359 602 1603 686 quatit:
1648 598 1755 663 hic
1800 620 1923 683 ego
1969 619 2182 661 rerum

280 711 626 777 Fluctibus
665 708 738 770 in
773 705 1008 769 mediis
1049 714 1114 768 et
1152 704 1647 791 tempestatibus
1681 703 1865 769 urbis
2710 719 2773 765 85

283 813 500 881 Verba
542 813 724 903 lyrae
761 821 1016 877 motura
1059 833 1290 875 sonum
1335 818 1721 875 connectere
1766 811 2043 896 digner?

281 1029 515 1093 Frater
561 1033 700 1091 erat
741 1026 988 1089 Romae
1025 1021 1308 1087 consulti
1351 1021 1601 1103 rhetor,
1646 1032 1719 1085 ut
1754 1022 1923 1087 alter

283 1135 576 1201 Alterius
617 1152 912 1197 sermone
959 1150 1174 1193 meros
1215 1128 1475 1193 audiret
1510 1127 1824 1210 honores,

285 1241 624 1308 Gracchus
666 1246 740 1302 ut
779 1236 886 1300 hic
929 1234 1058 1318 illi,
1101 1234 1270 1299 foret
1310 1233 1464 1298 huic
1506 1242 1579 1297 ut
1612 1233 1877 1297 Mucius
1923 1234 2053 1297 ille.

285 1346 416 1427 Qui
454 1345 671 1409 minus
715 1350 982 1428 argutos
1026 1350 1226 1406 vexat
1271 1340 1454 1405 furor
1495 1342 1623 1404 iste
1666 1340 1942 1426 poetas?
2698 1348 2762 1391 ⁰⁰

290 1451 600 1515 Carmina
633 1471 981 1537 compono,
1026 1447 1134 1510 hic
1181 1446 1421 1533 elegos,
1514 1446 1871 1530 „Mirabile
1918 1447 2065 1508 visu

283 1556 808 1643 „Caelatumque
857 1575 1090 1618 novem
1136 1553 1344 1617 Musis
1390 1554 1643 1639 opus!“
1730 1550 2017 1636 Adspice
2062 1554 2377 1637 primum,

286 1663 548 1743 Quanto
585 1684 732 1727 cum
775 1662 982 1740 fastu,
1028 1667 1270 1744 quanto
1307 1659 1643 1723 molimine
1686 1659 1958 1722 circum-

288 1770 663 1856 Spectemus
707 1786 983 1832 vacuam
1018 1764 1332 1828 Romanis
1374 1763 1640 1828 vatibus
1682 1764 1941 1847 aedem3

285 1875 446 1941 Mox
489 1876 688 1940 etiam
705 1922 723 1955 ,
761 1872 818 1936 si
863 1869 1030 1935 forte
1065 1892 1302 1954 vacas,
1347 1893 1620 1958 sequere
1662 1879 1727 1934 et
1766 1872 1989 1956 procul
2032 1872 2255 1952 audi,·
2691 1860 2755 1907 95

289 1984 466 2067 Quid
510 1983 680 2047 ferat
721 1987 786 2043 et
828 1998 1030 2064 quare
1079 1976 1203 2041 sibi
1246 1986 1467 2043 nectat
1503 1989 1777 2068 uterque
1820 1999 2146 2045 coronam.

292 2091 670 2170 (laedimur,
717 2096 780 2151 et
819 2085 1087 2150 totidem
1127 2084 1342 2170 plagis
1387 2090 1827 2152 consumimus
1872 2089 2121 2154 hostem

287 2199 496 2263 Lento
544 2195 865 2259 Samnites
907 2192 993 2256 ad
1031 2190 1279 2255 lumina
1321 2194 1531 2279 prima
1575 2194 1812 2260 duello.

288 2303 582 2370 Discedo
625 2300 910 2366 Alcaeus
948 2307 1187 2385 puncto
1231 2297 1441 2383 illius3
1490 2299 1599 2364 ille
1637 2322 1781 2364 meo
1824 2299 2018 2386 quis?

292 2413 485 2492 Quis,
531 2410 660 2474 nisi
703 2405 1190 2473 Callimachus?
1238 2408 1294 2469 si
1337 2407 1483 2492 plus
1522 2425 1875 2492 apposcere
1921 2407 2136 2487 visus,
2657 2388 2748 2438 ¹⁰⁰

261 2517 400 2614 ‘Fit
440 2516 898 2597 Mimnermus,
943 2521 1008 2577 et
1045 2512 1264 2598 optivo
1305 2513 1691 2597 cognomine
1736 2513 1990 2576 crescit.

291 2725 502 2792 Multa
539 2725 710 2806 fem,
750 2733 824 2786 ut
861 2721 1114 2809 placem
1152 2744 1360 2807 genus
1402 2722 1723 2789 irritabile
1768 2732 2025 2805 vatum3

294 2833 459 2898 Cum
505 2829 718 2894 scribo
764 2837 828 2892 et
872 2828 1146 2914 supplex
1185 2829 1410 2916 populi
1448 2830 1761 2915 suffragia
1798 2837 2023 2915 capt0,

294 2940 512 3023 Idem,
551 2937 753 3001 finitis
791 2935 1025 3000 studiis
1072 2945 1135 2999 et
1173 2944 1390 3000 mente
1431 2945 1724 3023 recepta,

293 3047 610 3112 Obturem'
653 3043 910 3131 patulas
955 3044 1218 3129 impunc
1263 3042 1631 3128 legentibus
1678 3047 1909 3106 aures?
1994 3032 1999 3036 ⁴
2660 3033 2743 3082 105

293 3153 616 3218 Ridentur
651 3150 825 3214 mala
867 3149 978 3236 qui
1024 3159 1421 3244 componunt
1466 3150 1786 3230 carmina3
1832 3170 2057 3214 verum

295 3259 603 3324 Gaudent
650 3257 1006 3322 scribentes
1051 3264 1114 3319 et
1157 3277 1228 3319 se
1269 3262 1696 3335 venerantur,
1742 3263 1807 3318 et
1842 3255 2046 3337 ultr0,

296 3367 366 3430 Si
405 3375 661 3445 taceas,
701 3363 976 3428 laudant
1019 3360 1337 3448 quidquid
1383 3360 1739 3446 scripsere,
1775 3360 1974 3425 beati.

293 3473 385 3536 At
421 3473 532 3557 qui
576 3470 936 3554 legitimum
978 3469 1197 3554 cupiet
1233 3467 1474 3530 fecisse
1516 3488 1776 3551 poema,

297 3580 461 3644 Cum
507 3575 750 3640 tabulis
789 3577 1076 3639 animum
1121 3573 1412 3640 censoris
1455 3581 1667 3637 sumet
1706 3573 1982 3639 honesti.
2378 3606 2385 3612 ·
2658 3571 2743 3620 ¹¹⁰

295 3684 619 3766 Audebit,
666 3701 1092 3767 quaecunque
1134 3701 1364 3767 parum
1408 3677 1774 3764 splendoris
1817 3679 2153 3747 habebunt

295 3794 386 3858 Et
430 3794 570 3858 sine
616 3789 900 3878 pondere
943 3796 1134 3854 erunt
1176 3794 1239 3850 et
1280 3786 1525 3850 honore
1564 3785 1839 3871 indigna
1882 3786 2173 3852 ferentur

295 3901 550 3980 Verba,
590 3917 854 3962 movere
892 3894 1066 3976 loce,
1112 3893 1414 3979 quamvis
1445 3893 1656 3956 invita
1700 3893 2009 3956 recedant

298 4007 386 4069 Et
420 4013 766 4069 versentur
799 4000 1012 4065 adhuc
1049 4001 1222 4064 intra
1261 3998 1622 4086 penetralia
1659 3998 1929 4081 Vestae3

299 4111 666 4176 Obscurata
715 4108 830 4172 diu
876 4104 1117 4193 populo
1159 4104 1371 4170 bonus
1416 4115 1630 4187 eruet,
1678 4114 1872 4191 atque
2660 4102 2747 4152 115

300 4213 602 4278 Proferet
641 4215 710 4277 in
751 4213 963 4276 lucem
1004 4215 1302 4300 speciosa
1333 4211 1658 4279 vocabula
1696 4233 1914 4276 rerum
1927 4261 1945 4295 ,
2438 4193 2445 4198 ¹
