2919 4716
269 260 354 322 46
1203 272 1695 325 EPISTOLARUM

267 446 408 511 Nec
451 446 788 510 minimum
835 466 1132 510 meruere
1169 447 1402 531 decus,
1450 450 1735 533 vestigia
1778 449 2035 513 Graeca

267 554 434 617 Ausi
477 553 774 617 deserere
817 561 884 617 et
922 553 1252 619 celebrare
1297 554 1653 619 domestica
1691 554 1897 639 facta,
2004 580 2011 585 ·

269 660 391 724 Vel
433 660 544 746 qui
587 667 966 745 praetextas
1011 660 1118 727 vel
1161 663 1274 747 qui
1319 660 1601 725 docuere
1636 670 1929 747 togatas,

265 768 406 833 Nec
443 768 688 833 virtute
723 765 894 830 foret
935 766 1216 831 clarisve
1259 769 1593 853 potentius
1636 770 1868 853 armis,

268 873 484 953 Quam
529 872 788 955 lingua,
833 873 1128 957 Latium,
1173 875 1230 937 si
1269 896 1400 937 non
1440 876 1799 940 offenderet
1846 886 2102 939 unum-'

269 980 608 1066 Quemque
650 988 985 1064 poetarum
1029 980 1224 1045 limae
1261 979 1450 1045 labor
1492 990 1556 1045 et
1598 1003 1801 1047 mora.
1890 980 2060 1063 Vos,
2102 1004 2139 1043 o

266 1087 627 1173 Pompilius
673 1088 974 1171 sanguia,
1021 1108 1284 1150 carmen
1327 1088 1814 1171 reprehendite,
1854 1087 2025 1174 quod
2068 1109 2199 1150 non

268 1192 475 1256 Multa
519 1192 659 1255 dies
701 1202 767 1257 et
808 1193 1014 1257 multa
1064 1193 1262 1257 litura
1305 1196 1593 1258 coercuit
1636 1203 1831 1280 atque

269 1298 636 1364 Perfectum
683 1299 899 1365 decies
945 1323 1074 1365 non
1119 1300 1477 1384 castigavit
1519 1299 1602 1363 ad
1643 1320 1951 1383 unguem.

266 1512 612 1596 Ingenium
656 1514 894 1577 misera
939 1516 1094 1599 quia
1137 1511 1531 1576 fortunatius
1576 1518 1718 1573 arte

267 1616 496 1681 Credit
539 1626 605 1681 et
644 1618 938 1683 excludit
983 1641 1177 1683 sanos
1223 1616 1541 1681 Helicone
1581 1624 1809 1701 poetas

263 1722 682 1787 Democritus
697 1774 714 1806 ,
763 1724 934 1789 bona
976 1748 1128 1812 pars
1165 1748 1294 1789 non
1339 1745 1594 1807 ungues
1638 1745 1881 1810 ponere
1918 1731 2136 1804 curat,

265 1829 414 1893 Non
456 1829 760 1912 barbam,
809 1840 1062 1895 secreta
1103 1832 1265 1918 petit
1309 1831 1482 1913 loca,
1526 1828 1766 1894 balnea
1805 1830 1990 1893 vitat.

263 1935 697 2001 Nanciscetur
739 1936 913 1999 enim
955 1940 1238 2023 pretium
1280 1959 1647 2023 nomenque
1689 1944 1955 2022 poetae,

265 2042 334 2106 Si
383 2041 591 2106 tribus
635 2042 976 2129 Anticyris
1017 2051 1214 2131 caput
1253 2042 1620 2106 insanabile
1658 2063 1991 2127 nunquam

263 2146 541 2212 Tonsori
583 2146 814 2212 Licino
855 2146 1273 2213 commiserit.
1363 2149 1438 2225 O,
1464 2171 1587 2234 ego
1631 2149 1889 2230 laevus,

264 2254 396 2334 Qui
439 2277 682 2341 purgor
723 2254 924 2321 bilem
971 2256 1090 2320 sub
1135 2256 1319 2321 verni
1363 2256 1679 2340 temporis
1716 2254 1974 2319 horam!

264 2361 411 2426 Non
449 2361 618 2426 alius
661 2362 910 2427 faceret
943 2363 1212 2427 meliora
1251 2371 1572 2449 poemata.
1662 2362 1907 2427 Verum

263 2468 374 2534 Nil
419 2470 582 2532 tanti
627 2477 748 2534 est.
836 2468 1016 2552 Ergo
1062 2468 1300 2553 fungar
1344 2470 1492 2534 vice
1538 2471 1735 2552 cotis,
1778 2478 2039 2533 acutum
2106 2481 2112 2486 ·

263 2575 564 2640 Reddere
607 2596 776 2662 quae
818 2575 1064 2639 ferrum
1104 2576 1312 2659 valet,
1354 2599 1582 2641 exsors
1628 2577 1773 2663 ipsa
1808 2575 2105 2656 secandi3

262 2680 502 2743 Munus
549 2689 614 2744 et
652 2680 973 2763 officium,
1017 2681 1110 2744 nil
1155 2682 1448 2748 scribens
1493 2684 1673 2768 ipse,
1720 2681 1967 2747 docebo
1980 2733 1998 2766 ,

261 2786 455 2851 Unde
498 2795 810 2874 parentur
853 2808 1042 2872 opes,
1090 2787 1250 2874 quid
1293 2789 1427 2851 alat
1472 2788 1835 2873 formetque
1875 2798 2162 2875 poetam,

261 2893 438 2974 Quid
481 2895 738 2976 deceat,
787 2894 948 2980 quid
985 2916 1148 2977 non,
1195 2916 1322 2979 quo
1360 2895 1573 2958 virtus
1585 2942 1605 2978 ,
1650 2915 1779 2980 quo
1825 2893 1993 2958 ferat
2038 2905 2237 2958 error4

260 3105 608 3172 Scribendi
650 3116 828 3172 recte
872 3129 1102 3194 sapere
1151 3115 1250 3170 est
1299 3114 1364 3171 et
1409 3107 1803 3192 principium
1848 3112 1913 3168 et
1954 3104 2133 3169 fons:

257 3214 420 3278 Rem
461 3214 584 3296 tibi
629 3215 1000 3279 Socraticae
1043 3222 1350 3301 poterunt
1393 3213 1741 3278 ostendere
1784 3213 2119 3294 chartae,-

257 3318 607 3407 Verbaque
649 3322 983 3407 provisam
1021 3342 1160 3384 rem
1203 3341 1334 3384 non
1376 3321 1589 3384 invita
1633 3327 2007 3405 sequentur.

259 3426 389 3506 Qui
435 3409 694 3510 didicit,
734 3429 985 3514 patriae
1035 3427 1192 3514 quid
1235 3426 1474 3492 debeat
1517 3435 1582 3490 et
1622 3425 1779 3514 quid
1818 3426 2081 3509 amicis,

259 3533 404 3613 Quo
449 3534 534 3596 sit
579 3554 798 3598 amore
836 3539 1108 3620 parens,
1157 3555 1285 3619 quo
1329 3515 1533 3599 frater
1572 3532 1889 3597 amandus
1934 3541 2001 3596 et
2037 3533 2305 3620 hospeS,

259 3640 452 3721 Quod
491 3643 576 3706 sit
615 3643 998 3727 conscripti,
1050 3640 1222 3727 quod
1261 3638 1501 3707 iudicis
1546 3638 1834 3704 officium
1850 3687 1869 3721 ‚
1914 3660 2083 3726 quae

255 3747 484 3818 Partes
525 3748 596 3810 in
639 3747 883 3813 bellum
928 3749 1115 3812 missi
1155 3747 1378 3828 ducis,
1417 3745 1533 3810 ille
1576 3745 1869 3832 profecto

254 3855 554 3920 Reddere
593 3875 910 3943 personae
955 3857 1078 3920 scit
1126 3853 1583 3919 convenientia
1626 3854 1883 3938 cuique.

255 3963 604 4052 Respicere
649 3960 986 4050 exemplar
1021 3962 1198 4026 vitae
1231 3975 1619 4047 morumque
1654 3956 1899 4024 iubebo

255 4065 538 4131 Doctum
579 4071 1002 4152 imitatorem,
1049 4055 1114 4134 et
1157 4069 1346 4134 vivas
1393 4065 1548 4131 hinc
1592 4066 1830 4130 ducere
1869 4087 2086 4132 voces„

153 4173 177 4200 ⁸
254 4173 585 4237 Interdum
627 4177 924 4258 speciosa
967 4175 1128 4239 locis
1173 4183 1551 4259 morataque
1592 4181 1771 4238 recte

255 4274 544 4358 Fabula,
583 4276 826 4340 nullius
870 4281 1161 4362 veneris,
1207 4281 1346 4344 sine
1385 4280 1677 4366 pondere
1720 4287 1787 4344 et
1823 4288 1995 4362 arte,

2640 1526 2745 1577 295

2631 2054 2741 2105 300

2624 2587 2733 2639 305

2612 3225 2730 3276 310

2610 3759 2725 3811 315

2608 4289 2727 4340 320
