2919 4716
310 250 387 312 16
1233 261 1727 311 Emsromaun

307 432 518 511 Quam
560 454 677 517 per
719 431 888 497 vatis
929 454 1092 519 opus
1135 454 1346 497 mores
1392 434 1722 519 animique
1762 434 2049 497 virorum

307 535 641 602 Clarorum
685 548 1021 625 apparent.
1109 538 1248 601 Nec
1287 560 1619 603 sermones
1662 561 1783 623 ego
1827 536 2087 601 mallem

301 642 628 729 Repentes
671 666 788 731 per
828 645 1126 729 humum,
1169 666 1362 732 quam
1404 666 1511 709 res
1552 665 1940 729 componere
1978 652 2230 729 gestas,

304 748 782 836 Terrarumque
827 753 992 816 situs
1040 763 1104 816 et
1143 751 1414 816 flumina
1447 752 1665 817 dicere
1709 760 1775 815 et
1818 772 2003 815 arces

301 853 634 921 Montibus
679 858 1019 944 impositas
1063 866 1128 921 et
1170 856 1454 921 barbara
1494 878 1731 942 regna,
1773 858 2031 943 tuisque

301 960 638 1046 Auspiciis
681 971 887 1027 totum
923 962 1222 1028 confecta
1259 963 1479 1028 duella
1515 986 1633 1049 per
1668 964 1925 1047 orbem,

303 1063 735 1156 Claustraque
781 1068 1118 1133 custodem
1159 1072 1342 1155 pacis
1387 1069 1759 1135 cohibentia
1794 1070 2025 1133 Ianum
2040 1074 2089 1152 ,'

301 1174 389 1237 Et
430 1174 844 1240 formidatam
887 1174 1148 1237 Parthis
1191 1182 1256 1239 te
1299 1175 1593 1261 principe
1639 1176 1945 1257 Romam,

301 1280 369 1345 Si
413 1292 728 1367 quantum
773 1303 1074 1369 cuperem
1090 1331 1108 1364 ,
1152 1300 1411 1367 possem
1453 1302 1743 1367 quoque3
1790 1282 1907 1346 sed
1952 1303 2163 1367 neque
2209 1303 2495 1366 parvum

301 1388 581 1452 Carmen
625 1388 932 1452 maiestas
973 1388 1207 1473 recipit
1249 1377 1396 1470 tua,
1449 1408 1571 1451 nec
1612 1408 1795 1451 meus
1844 1387 2040 1451 audet

299 1494 462 1558 Rem
505 1503 758 1559 tentare
803 1494 1045 1582 pudor,
1094 1514 1288 1580 quam
1335 1493 1513 1556 vires
1560 1495 1731 1561 ferre
1774 1502 2099 1560 recusent.

299 1598 630 1663 Sedulitas
677 1607 926 1681 autem,
974 1598 1168 1663 stulte
1211 1620 1404 1686 quem
1448 1600 1700 1685 diligit,
1746 1610 1971 1685 urget,

299 1706 658 1791 Praecipue
707 1728 854 1770 cum
899 1727 968 1769 se
1008 1706 1296 1769 numeris
1339 1707 1752 1771 commendat
1794 1716 1859 1771 et
1902 1714 2075 1788 arte3

295 1812 516 1876 Discit
561 1814 732 1877 enim
775 1814 970 1877 citius
1012 1812 1434 1899 meminitque
1475 1811 1783 1876 libentius
1828 1812 2024 1894 illud,

297 1917 489 1999 Quod
533 1920 678 2007 quis
727 1918 1013 2001 deridet,
1067 1938 1260 2005 quam
1305 1919 1480 2005 quod
1528 1917 1761 2005 probat
1804 1928 1872 1981 et
1914 1926 2286 1983 veneratur.

294 2023 405 2089 Nil
439 2047 657 2089 moror
693 2024 1015 2108 officium,
1052 2024 1226 2111 quod
1272 2047 1373 2089 me
1419 2034 1683 2109 gravat,
1728 2047 1807 2089 ac
1849 2048 2063 2112 neque
2100 2023 2253 2087 ficto

295 2130 375 2194 ln
417 2132 604 2217 peius
655 2129 844 2195 vultu
894 2132 1168 2217 proponi
1211 2152 1438 2195 cereus
1482 2152 1759 2217 usquam

293 2235 433 2301 Nec
476 2260 682 2324 prave
720 2236 914 2301 factis
955 2236 1250 2302 decorari
1289 2236 1593 2302 versibus
1636 2245 1819 2324 opto,

292 2342 392 2408 Ne
431 2343 700 2409 rubeam
740 2345 970 2431 pingui
1015 2343 1292 2411 donatus
1339 2365 1637 2427 munere,
1686 2350 1750 2407 et
1792 2364 1925 2408 una

295 2448 462 2513 Cum
510 2451 824 2536 scriptore
861 2473 1004 2516 meo
1049 2473 1248 2538 capsa
1287 2457 1625 2537 porrectus
1664 2457 1891 2534 aperta

233 2550 248 2558 “
290 2552 574 2617 Deferar
615 2556 685 2617 in
732 2558 952 2621 vicum
997 2559 1392 2624 vendentem
1429 2557 1581 2623 thus
1629 2564 1695 2619 et
1732 2555 1967 2620 odores

293 2658 379 2721 Et
420 2659 608 2744 piper
660 2669 724 2725 et
766 2661 1086 2748 quidquid
1131 2665 1376 2729 chartis
1417 2665 1719 2729 amicitur
1760 2663 2022 2748 ineptis.

1211 2867 1571 2931 Er1s⁷roLA
1615 2864 1707 2931 II.

1021 3022 1140 3083 AD
1180 3023 1492 3085 IULIUM
1536 3021 1906 3082 FLORUM.

289 3167 514 3252 Flore,
553 3168 724 3234 bono
765 3169 1072 3257 claroque
1117 3171 1330 3236 fidelis
1375 3171 1583 3236 amice
1626 3169 1871 3234 Neroni
1888 3218 1910 3252 ,-

291 3273 360 3338 Si
402 3275 546 3360 quis
593 3274 761 3339 forte
807 3275 968 3340 velit
1012 3299 1286 3363 puerum
1333 3276 1457 3341 tibi
1501 3275 1787 3340 vendere
1831 3282 2055 3339 natum

289 3378 538 3443 Tibure
583 3379 690 3444 vel
731 3380 996 3467 Gabiis,
1037 3393 1102 3448 et
1143 3371 1358 3448 tecum
1403 3383 1499 3446 sie
1546 3389 1732 3467 agat:
1772 3381 1958 3465 „Hic
2005 3392 2069 3447 et

289 3535 330 3568 „
357 3484 695 3550 Candidus
740 3494 804 3551 et
850 3487 1016 3553 talos
1058 3512 1098 3553 a
1141 3492 1384 3553 vertice
1430 3486 1702 3574 pulcher
1749 3488 1833 3553 ad
1880 3491 2045 3553 imos

288 3590 494 3673 „Fiet
537 3590 788 3677 eritque
834 3599 984 3657 tuus
1025 3615 1433 3660 nummorum
1478 3593 1769 3658 millibus
1812 3605 1987 3678 octe,

289 3696 565 3780 „Verna
611 3697 988 3762 ministeriis
1033 3698 1117 3762 ad
1160 3707 1355 3762 nutus
1400 3706 1593 3784 aptus
1638 3698 1913 3785 heriles,

287 3801 658 3888 „Literulis
702 3801 976 3868 Graecis
1015 3802 1332 3888 imbutus,
1372 3805 1646 3870 idoneus
1690 3809 1817 3872 arti

287 3958 327 3992 „
343 3907 664 3992 Cuilibet,
713 3909 950 3996 argilla
994 3909 1257 3998 quidvis
1293 3911 1654 3977 imitaberis
1701 3914 1852 3978 uda.

285 4014 521 4098 „Quin
557 4017 754 4079 etiam
801 4025 1018 4099 canet,
1065 4016 1396 4082 indoctum
1441 4017 1561 4082 sed
1606 4019 1795 4084 dulce
1831 4019 2105 4085 bibenti.

286 4120 552 4202 „Multa
593 4120 788 4187 fidem
822 4125 1158 4208 ,promissa
1201 4124 1453 4207 levant,
1498 4125 1612 4189 ubi
1650 4126 1908 4213 plenius
1954 4149 2159 4214 aequo

284 4223 598 4302 „Laudat
639 4225 936 4308 venaleS,
976 4230 1086 4311 qui
1135 4228 1276 4292 vult
1318 4228 1699 4316 extrudere,
1744 4255 2031 4317 merces3

2678 562 2785 610 250

2674 1086 2774 1133 255

2672 1618 2768 1667 260

2655 2682 2753 2730 270

2644 4142 2709 4192 10
