2919 4716
279 221 361 284 54
762 277 789 298 ,
1186 229 1677 279 EPISTOLARUM

276 388 379 452 Ac
420 425 505 434 -
546 409 627 450 ne
670 392 735 450 te
778 383 1075 448 retrahas
1120 391 1185 448 et
1228 383 1700 450 inexcusabilis
1742 385 1920 450 absis
1967 425 2042 434 --

280 493 599 574 Quamvis
640 491 735 556 nil
777 499 963 555 extra
1002 512 1343 555 numerum
1389 491 1629 555 fecisse
1667 491 2060 578 modumque

278 599 487 663 Curas
501 648 520 682 ,
558 597 887 662 interdum
923 598 1192 682 nugaris
1237 619 1388 666 rure
1432 605 1736 684 paterno3

275 705 569 770 Partitur
609 702 837 767 lintres
884 703 1244 785 exercitus;
1288 702 1484 766 Actia
1523 722 1748 789 pugna

277 809 373 874 Te
418 810 605 896 duce·
626 831 743 895 per
783 829 1019 896 pueros
1063 808 1286 874 hostili
1328 830 1507 872 more
1547 807 1862 890 refertur3

273 916 717 981 Adversarius
763 923 863 980 est
905 915 1139 998 frater,
1182 914 1365 979 lacus
1408 913 1694 991 Hadria,
1741 913 1948 979 donec

275 1021 684 1087 Alterutrum
727 1020 925 1086 velox
968 1023 1247 1086 victoria
1292 1018 1527 1084 fronde
1563 1029 1851 1084 coronet.

277 1128 661 1194 Consentire
706 1130 842 1192 suis
888 1125 1123 1192 studiis
1166 1128 1278 1214 qui
1314 1125 1670 1191 crediderit
1709 1135 1774 1190 te

274 1235 523 1300 Fautor
537 1285 556 1318 ,
602 1241 875 1321 utroque
911 1243 1098 1298 tuum
1138 1232 1434 1298 laudabit
1477 1232 1712 1319 pollice
1755 1233 2004 1298 ludum.

274 1343 585 1406 Protinus
627 1349 703 1406 ut
738 1361 1072 1423 moneam,
1120 1340 1177 1404 si
1222 1339 1384 1426 quid
1426 1340 1764 1404 monitoris
1805 1361 1962 1423 eges
2001 1349 2104 1404 tu:

276 1447 457 1528 Quid
498 1447 577 1512 de
624 1467 879 1532 quoque
922 1447 1066 1513 viro
1104 1455 1170 1512 et
1211 1447 1317 1511 cui
1359 1445 1577 1529 dicas,
1623 1466 1817 1532 saepe
1861 1445 2105 1511 videto.

274 1553 801 1618 Percontatorem
846 1549 1094 1636 fugito,
1142 1573 1295 1616 nam
1336 1551 1643 1634 garrulus
1687 1550 1861 1615 idem
1905 1560 2040 1634 est3

273 1657 412 1722 Nec
454 1659 741 1722 retinent
784 1656 1047 1743 patulae
1092 1659 1439 1722 commissa
1477 1656 1758 1721 fideliter
1793 1679 2018 1740 aures,

276 1761 367 1826 Et
412 1764 612 1826 semel
657 1765 967 1829 emissum
1011 1763 1189 1828 volat
1225 1762 1658 1828 irrevocabile
1700 1763 1996 1830 verbum.

272 1868 420 1934 Non
460 1869 699 1933 ancilla
736 1876 920 1933 tuum
960 1870 1141 1935 iecur
1184 1869 1433 1934 ulceret
1475 1869 1611 1934 ulla
1650 1891 1897 1955 puerve

271 1975 455 2040 Intra
496 1995 929 2038 marmoreum
974 1976 1333 2041 venerandi
1377 1976 1576 2039 limen
1627 1977 1857 2060 amici,

270 2078 371 2143 Ne
416 2079 717 2144 dominus
756 2084 944 2168 pueri
984 2082 1242 2171 pulchri
1287 2103 1568 2148 caraeve
1601 2083 1860 2170 puellae

269 2186 538 2251 Munere
581 2194 646 2250 te
684 2201 889 2273 parvo
932 2190 1084 2254 beet
1124 2197 1238 2254 aut
1278 2185 1726 2257 incommodus
1771 2197 1993 2273 angat.

271 2289 549 2379 Qualem
592 2295 1035 2380 commendes,
1082 2297 1279 2361 etiam
1315 2303 1512 2383 atque
1553 2296 1749 2360 etiam
1795 2294 2093 2382 adspice,
2139 2318 2222 2361 ne
2264 2319 2424 2365 mox

268 2394 601 2462 Incutiant
644 2400 861 2466 aliena
902 2402 1028 2469 tibi
1071 2412 1339 2490 peccata
1381 2402 1716 2491 pudorem.

266 2502 589 2573 Fallimur
632 2514 697 2570 et
738 2509 1069 2594 quondam
1106 2532 1239 2575 non
1278 2509 1552 2595 dignum
1595 2508 1947 2573 tradimus:
1993 2530 2152 2593 ergo

270 2608 483 2687 Quem
530 2632 648 2675 sua
692 2612 885 2698 culpa
932 2624 1213 2701 premet,
1262 2615 1570 2701 deceptus
1617 2616 1842 2679 omitte
1883 2615 2086 2698 tueri,

265 2714 357 2778 Ut
396 2718 655 2801 penitus
700 2728 927 2784 notum
944 2770 962 2803 ,
1010 2720 1068 2783 si
1106 2729 1360 2785 tentent
1402 2719 1677 2785 crimina
1691 2770 1710 2804 ,
1755 2740 1976 2787 serves

265 2821 657 2914 Tuterisque
697 2832 810 2889 tuo
855 2824 1161 2889 fidentem
1200 2825 1568 2913 praesidi03
1607 2828 1720 2914 qui

264 2927 482 2994 Dente
530 2930 868 2996 Theonino
912 2954 1061 2996 cum
1106 2934 1640 3015 circumroditur,
1685 2933 1922 3019 ecquid

262 3035 372 3116 Ad
412 3043 478 3101 te
514 3045 663 3124 post
704 3036 900 3124 paulo
941 3048 1221 3104 ventura
1257 3040 1551 3127 pericula
1595 3040 1798 3103 sentis
1818 3038 1851 3102 P

264 3106 432 3206 fiam
475 3151 589 3208 tua
630 3164 735 3207 res
782 3146 1029 3230 agitur,
1073 3148 1292 3235 paries
1340 3168 1488 3209 cum
1525 3148 1862 3233 proximus
1909 3148 2130 3231 ardet,

260 3248 351 3315 Et
390 3251 693 3336 neglecta
739 3248 949 3317 solent
982 3253 1289 3319 incendia
1334 3276 1588 3319 sumere
1632 3255 1832 3319 vires.

258 3354 493 3419 Dulcis
534 3357 897 3443 inexpertis
941 3361 1196 3426 cultura
1238 3360 1524 3449 potentis
1561 3362 1791 3444 amici3

258 3459 593 3547 Expertus
635 3466 901 3547 metuit3
953 3472 1055 3547 tu,
1102 3466 1257 3531 dum
1299 3475 1415 3531 tua
1456 3467 1648 3533 navis
1697 3467 1768 3530 in
1812 3464 1944 3531 alto
1989 3477 2122 3551 est,

256 3571 398 3630 Hoc
438 3588 591 3651 age,
636 3590 719 3631 ne
763 3578 1013 3634 mutata
1058 3580 1411 3638 retrorsum
1446 3582 1514 3637 te
1556 3572 1727 3637 ferat
1766 3594 1945 3637 aura.

256 3671 555 3736 Oderunt
587 3672 862 3739 hilarem
904 3678 1125 3742 tristes
1170 3680 1554 3766 tristemque
1597 3678 1834 3761 iocosi,

257 3778 567 3843 Sedatum
609 3781 853 3849 celeres
872 3836 890 3869 ,
938 3786 1176 3871 agilem
1219 3806 1638 3871 gnavumque
1679 3785 1968 3868 remissi3

255 3884 527 3951 Potores
570 3884 784 3953 bibuli
824 3892 1043 3957 media
1089 3891 1169 3956 de
1212 3898 1400 3956 nocte
1445 3890 1712 3957 Falerni

254 3990 551 4057 Oderunt
582 4000 894 4080 'porrecta
935 4002 1287 4081 negantem
1328 3998 1599 4085 pocula,
1641 3996 1940 4086 quamvis

254 4095 624 4163 Nocturnos
667 4100 954 4173 iures-te
994 4100 1346 4169 formidare
1388 4110 1668 4189 tepores.

254 4202 465 4269 Deme
508 4205 855 4293 supercilio
896 4206 1167 4273 nubem:
1213 4208 1595 4296 plerumque
1637 4211 1972 4276 modestus

2679 617 2760 667 60

2627 2726 2704 2775 80
