2919 4716
1284 716 1640 780 EmsTOLA
1677 715 1734 780 Ι.

1176 871 1297 931 ΑΙ)
1348 871 1848 932 AUGUSTUM.

361 1037 529 1100 Cum
573 1045 668 1100 tot
712 1030 1037 1102 sustineas
1082 1045 1147 1100 ct
1188 1045 1371 1100 tanta
1412 1038 1679 1120 negotia
1717 1034 1923 1117 solus,

360 1143 491 1205 Res
532 1141 737 1206 Italas
780 1143 979 1206 armis
1024 1143 1285 1223 tuteris,
1328 1141 1621 1204 moribus
1665 1162 1890 1221 orneS,

358 1246 652 1331 Legibus
690 1247 1030 1328 emendeS,
1076 1246 1145 1310 in
1192 1247 1459 1332 publica
1503 1245 1840 1310 commoda
1881 1265 2180 1329 peccem,

361 1352 430 1416 Si
476 1351 677 1436 longo
720 1371 1016 1416 sermone
1060 1374 1275 1416 morer
1316 1362 1431 1415 tua
1474 1361 1800 1438 tempora,
1847 1350 2111 1414 Caesar.

362 1563 676 1626 Romulus
713 1571 778 1626 et
819 1561 1023 1628 Liber
1064 1572 1249 1649 pater
1290 1571 1355 1628 et
1393 1585 1541 1627 cum
1585 1563 1860 1626 Castore
1904 1561 2170 1645 Pollux,

362 1669 521 1732 Post
558 1668 853 1752 ingentia
891 1668 1067 1732 facta
1103 1669 1369 1732 deorum
1415 1672 1485 1733 in
1523 1669 1767 1756 templa
1809 1671 2086 1754 recepti,

364 1773 543 1835 Dum
586 1781 795 1836 terras
840 1773 1302 1860 hominumque
1344 1774 1568 1838 colunt
1612 1795 1854 1858 gcnuS,
1899 1796 2131 1860 aspera
2173 1773 2346 1836 bolla

365 1880 811 1966 Componunt,
858 1900 1049 1963 agros
1094 1881 1466 1964 assignant,
1515 1879 1754 1966 oppida
1797 1879 2113 1958 condunt,

364 1986 715 2051 Ploraverc
762 1987 897 2049 suis
940 2007 1071 2048 non
1116 1983 1512 2069 respondere
1561 1981 1853 2049 favorem

364 2093 709 2179 Speratum
744 2093 1015 2156 meritis.
1110 2090 1338 2152 Diram
1384 2090 1496 2174 qui
1539 2089 1833 2154 contudit
1875 2089 2154 2175 hydram

363 2198 665 2285 Notaque
712 2197 896 2260 fatali
942 2204 1245 2282 portenta
1290 2195 1514 2258 labore
1562 2194 1852 2280 subegit,

368 2303 701 2391 Comperit
743 2302 1059 2367 invidiam
1106 2321 1405 2388 supremo
1444 2299 1573 2365 fine
1615 2301 1884 2366 domari.

364 2410 517 2475 Urit
560 2412 729 2474 enim
774 2410 1029 2495 fulgore
1076 2431 1223 2490 suo,
1267 2408 1380 2494 qui
1423 2416 1853 2491 praegravat,
1900 2418 2072 2473 artes

364 2516 551 2579 Infra
597 2537 665 2579 se
712 2517 991 2601 positas;
1039 2515 1400 2579 exstinctus
1449 2512 1778 2576 amabitur
1819 2514 2013 2579 idem.

366 2622 707 2685 Praesenti
750 2620 872 2683 tibi
918 2630 1203 2684 maturos
1248 2618 1565 2704 largimur
1607 2619 1884 2683 honores
1899 2668 1916 2701 ,

365 2725 817 2809 Iurandasque
861 2733 1041 2787 tuum
1082 2746 1200 2809 per
1246 2747 1482 2789 nomen
1525 2726 1826 2811 ponimus
1871 2748 2020 2789 aras
2035 2774 2052 2807 ,

367 2830 480 2895 Nil
524 2831 838 2896 oriturum
876 2828 1039 2891 alias
1054 2878 1071 2911 ,
1116 2829 1209 2893 nil
1255 2840 1470 2894 ortum
1515 2830 1645 2895 tale
1685 2830 1989 2895 fatentes·

369 2936 500 3002 Sed
540 2944 693 2999 tuus
737 2929 844 2998 hic
888 2936 1167 3022 populus
1182 2984 1199 3017 ,
1244 2938 1504 3021 sapiens
1551 2944 1613 3000 et
1659 2938 1870 3001 iustus
1917 2937 1984 2999 in
2029 2958 2192 3017 urm,

367 3044 462 3107 Te
503 3043 743 3108 nostris
790 3040 1099 3122 ducibus,
1146 3048 1209 3103 te
1253 3041 1473 3105 Graiis
1513 3042 1972 3123 anteferendO,

372 3152 608 3215 Cetera
651 3171 1059 3236 nequaquam
1108 3148 1307 3211 simili
1348 3151 1601 3213 ratione
1646 3147 1964 3234 modoque

369 3260 693 3322 Aestimat
737 3266 799 3319 et
841 3256 971 3319 nisi
1018 3276 1184 3341 quae
1227 3255 1423 3318 terris
1471 3265 1720 3319 semota
1758 3256 2022 3340 suisque

370 3363 804 3449 Temporibus
862 3360 1170 3423 defuncta
1212 3361 1421 3442 videt,
1471 3362 1728 3426 fastidit
1767 3369 1832 3424 ct
1871 3361 2039 3443 odit,

374 3468 483 3533 Sic
528 3469 747 3531 fautor
790 3474 1115 3546 veterum,
1157 3475 1230 3530 ut
1274 3467 1535 3533 tabulas
1578 3489 1852 3556 peccare
1896 3476 2194 3531 vetantes

373 3576 555 3655 Quas
602 3574 701 3637 bis
749 3573 1033 3657 quinque
1080 3572 1205 3634 viri
1248 3584 1639 3657 sanxerunt,
1685 3573 1952 3639 foedera
1999 3596 2224 3659 regum

374 3679 494 3741 Vel
542 3678 775 3742 Gabiis
816 3677 923 3742 vel
970 3699 1116 3741 cum
1158 3678 1391 3762 rigidis
1438 3689 1715 3765 aequata
1757 3678 2054 3763 Sabinis,

372 3784 761 3849 Pontificum
802 3784 1037 3866 libros,
1081 3806 1331 3849 annosa
1380 3786 1713 3850 volumina
1756 3794 1976 3852 vatum

372 3891 651 3954 Dictitct
694 3889 955 3956 Albano
1000 3891 1223 3956 Musas
1269 3892 1336 3957 in
1375 3904 1592 3958 monte
1637 3896 1906 3959 locutas.

372 3998 469 4077 Si,
519 3997 673 4081 quia
720 3994 1120 4062 Graecorum
1166 4007 1317 4061 sunt
1362 4000 1821 4085 antiquissima
1865 4020 2161 4084 quaeque

372 4104 629 4189 Scripta
673 4102 779 4168 vel
824 4104 1094 4189 optima,
1144 4102 1420 4167 Romani
1456 4113 1816 4188 pensantur
1855 4105 2080 4168 cadem

372 4208 733 4294 Scriptores
777 4210 1055 4287 trutina,
1094 4230 1224 4271 non
1269 4219 1369 4272 est
1413 4210 1590 4296 quod
1635 4213 1836 4274 multa
1879 4210 2248 4296 loquamur:

2715 2637 2766 2683 15

2709 3164 2768 3211 20
