2919 4716
222 176 242 232 1
259 174 297 233 6
1131 182 1626 231 EPISTOLARUM

215 334 605 400 Iamdudum
647 332 945 420 splendet
987 334 1172 399 focus
1217 343 1283 399 et
1321 335 1445 401 tibi
1488 335 1733 401 munda
1768 335 2083 421 supellex.

215 442 404 507 Mitte
448 440 629 504 leves
674 460 822 527 spes
863 447 928 503 et
965 444 1324 505 certamina
1369 442 1748 507 divitiarum

216 545 306 609 Et
337 543 593 609 Moschi
633 546 932 610 causam!
979 567 1124 610 eras
1173 555 1324 610 nato
1371 545 1659 613 Caesare
1703 549 1915 613 festus

216 651 356 715 Dat
390 650 652 715 veniam
691 673 1117 740 somnumque
1161 653 1336 737 dies3
1381 654 1647 742 impune
1692 655 1917 719 licebit

195 758 560 823 ·Aestivam
607 780 902 823 sermone
939 760 1228 846 benigno
1271 760 1541 825 tendere
1586 771 1865 828 noctem.

220 864 366 945 Quo
402 863 561 927 mihi
608 866 972 963 fortunaQ,
1015 867 1073 931 si
1115 889 1248 932 non
1289 866 1673 934 conceditur
1709 869 1806 933 uti
1824 868 1857 931 *Ρ

219 971 466 1035 Parcus
509 972 593 1037 ob
636 972 896 1038 heredis
943 996 1166 1039 curam
1208 977 1609 1063 nimiumque
1650 996 1918 1039 severus

218 1078 494 1143 Assidet
533 1080 796 1145 insano:
842 1090 1068 1169 potare
1112 1089 1176 1145 et
1218 1102 1529 1167 spargere
1572 1081 1765 1146 flores

219 1184 540 1271 Incipiam
583 1188 927 1273 patiarque
969 1187 1079 1253 vel
1121 1187 1528 1251 inconsultus
1567 1186 1817 1251 haberi.

221 1289 398 1370 Quid
441 1314 570 1356 non
613 1293 894 1358 ebrietas
943 1292 1291 1377 designat?
1338 1302 1563 1381 operta
1607 1292 1917 1375 recludit,

221 1402 384 1484 Spes
424 1398 606 1461 iubet
647 1421 792 1463 esse
828 1409 1035 1483 ratas,
1081 1401 1167 1465 ad
1202 1400 1450 1487 proelia
1488 1400 1698 1464 trudit
1733 1402 2038 1482 inertem,

223 1502 534 1568 Sollicitis
577 1506 814 1569 animis
857 1528 1020 1570 onus
1065 1507 1326 1588 eximit,
1371 1506 1653 1571 addocet
1698 1516 1893 1571 artes.

220 1609 518 1673 Fecundi
557 1610 793 1674 calices
836 1633 1030 1696 quem
1074 1635 1207 1677 non
1252 1613 1467 1677 fecere
1508 1614 1852 1696 disertum,

224 1716 578 1780 Contracta
617 1738 810 1804 quem
853 1741 984 1782 non
1023 1720 1094 1782 in
1131 1728 1516 1806 paupertate
1560 1720 1839 1783 solutum
1858 1720 1892 1782 ⁴?

222 1822 406 1885 Haec
449 1844 572 1907 ego
615 1846 964 1912 procurare
1005 1832 1071 1887 et
1107 1823 1382 1888 idoneus
1426 1826 1711 1911 imperor
1754 1834 1821 1889 et
1858 1846 1989 1889 non

222 1929 512 2013 InvituS,
560 1953 642 1994 ne
683 1938 873 2018 turpe
911 1930 1110 2013 toral,
1148 1953 1231 1995 ne
1278 1931 1544 1995 sordida
1587 1954 1827 2020 mappa

226 2037 550 2123 Corruget
593 2060 820 2121 nares3
865 2060 946 2102 ne
993 2060 1124 2103 non
1167 2044 1232 2101 et
1269 2036 1618 2103 cantharus
1664 2048 1729 2103 et
1772 2040 1932 2103 lanx

225 2144 546 2208 Ostendat
587 2144 712 2209 tibi
747 2152 842 2229 te3
887 2167 972 2208 ne
1013 2145 1178 2209 fidos
1219 2146 1391 2209 inter
1435 2146 1680 2209 amieos

225 2249 326 2315 Sit
370 2250 482 2337 qui
523 2250 702 2315 dieta
738 2249 916 2316 foras
961 2250 1284 2336 eliminet3
1329 2262 1404 2315 ut
1450 2260 1638 2317 coeat
1678 2272 1797 2339 par

223 2360 672 2447 Iungaturque
717 2361 882 2448 pari.
950 2358 1224 2425 Butram
1266 2358 1388 2425 tibi
1431 2358 1917 2446 Septiciumque
1936 2405 1954 2438 ,

225 2467 316 2532 Et
362 2469 494 2533 nisi
537 2489 740 2532 coena
778 2469 958 2553 prior
998 2457 1339 2554 potiorque
1374 2465 1597 2553 puella
1640 2465 1955 2528 Sabinum

225 2575 530 2656 Detinet,
581 2595 932 2638 assumam.
1018 2573 1234 2638 Locus
1281 2579 1384 2636 est
1425 2579 1493 2634 et
1531 2568 1831 2657 pluribus
1870 2567 2159 2647 umbris3

228 2681 359 2745 Sed
399 2681 595 2744 nimis
641 2688 784 2744 arta
824 2687 1131 2766 premunt
1166 2676 1378 2744 olidae
1423 2677 1731 2742 convivia
1772 2697 2027 2762 caprae.

227 2785 361 2868 Tu,
408 2794 644 2872 quotus
679 2808 824 2850 esse
867 2784 1066 2867 velis,
1108 2784 1396 2850 rescribe
1439 2794 1504 2848 et
1547 2783 1747 2849 rebus
1792 2785 2049 2847 omissis

224 2892 416 2956 Atria
461 2902 832 2959 servantem
876 2893 1126 2980 postico
1169 2890 1326 2955 falle
1357 2892 1684 2956 clientem.

986 3117 1062 3189 Ἃ
1124 3145 1484 3209 Ems'ronA
1524 3142 1641 3207 VI.

1017 3288 1148 3346 AD
1199 3283 1742 3344 NUMICIUM.

226 3432 339 3496 Nil
382 3432 696 3504 admirari
735 3455 937 3520 prope
971 3456 1079 3497 res
1121 3440 1222 3495 est
1263 3453 1427 3517 una,
1469 3426 1762 3513 Numici,

229 3538 543 3623 Solaque,
587 3560 753 3624 quae
789 3539 1000 3625 possit
1043 3539 1258 3602 facere
1305 3545 1370 3600 et
1421 3559 1688 3603 servare
1726 3536 2013 3601 beatum.

227 3641 422 3706 Hunc
471 3642 672 3706 solem
708 3651 774 3708 et
821 3644 1045 3709 stellas
1085 3651 1148 3708 et
1192 3643 1577 3707 decedentia
1619 3645 1814 3707 certis

227 3748 552 3836 Tempora
594 3751 936 3815 momentis
987 3758 1140 3815 sunt
1184 3751 1298 3836 qui
1335 3749 1687 3813 formidine
1731 3747 1913 3812 nulla

229 3855 476 3920 Imbuti
523 3865 848 3944 spectent:
893 3856 1052 3944 quid
1096 3877 1326 3920 censes
1371 3876 1643 3918 munera
1685 3863 1937 3938 terrae,

229 3961 407 4040 Quid
442 3965 643 4028 maris
681 3973 1009 4029 extremos
1051 3961 1311 4028 Arabas
1359 3961 1629 4024 ditantis
1674 3968 1739 4024 et
1777 3960 2011 4042 Indos,

227 4067 516 4133 Ludicra
558 4069 718 4152 quid
757 4070 1030 4155 plausus
1075 4077 1141 4133 et
1183 4067 1375 4132 amici
1418 4066 1589 4129 dona
1633 4068 1913 4148 Quiritis

229 4173 376 4252 Quo
421 4172 776 4258 spectanda
809 4173 999 4236 modo
1013 4221 1032 4254 ,
1079 4195 1208 4259 quo
1253 4193 1450 4236 sensu
1494 4170 1707 4234 credis
1750 4180 1816 4232 et
1852 4171 2011 4234 ore?

2584 662 2656 711 10

2584 1202 2649 1251 15

2586 1727 2655 1779 20

2584 2264 2650 2315 25

2583 2789 2650 2842 30
