2919 4716
329 260 410 331 36
1253 275 1745 329 nris'romsstm

305 453 465 515 ·Aut
506 450 594 516 ad
633 450 902 515 humum
942 472 1234 516 maerore
1275 452 1467 535 gravi
1510 451 1776 517 deducit
1818 458 1885 515 et
1924 449 2143 533 angit;

329 557 488 621 Post
527 556 714 621 effert
755 556 956 619 animi
999 564 1213 621 motus
1257 558 1609 642 interprete
1654 554 1903 641 lingna.

329 659 398 723 Si
443 660 720 726 dicentis
759 670 954 727 erunt
987 662 1266 728 fortunis
1305 664 1555 729 absona
1598 662 1774 727 dicta
1792 710 1809 744 ,

329 767 607 831 Romani
652 766 884 833 tollent
927 770 1180 854 equites
1219 768 1605 856 peditesque
1648 768 2059 833 cachinnum.

329 872 638 938 Intererit
679 872 988 955 multum,
1035 874 1312 939 divusne
1355 875 1662 963 loquatur
1700 896 1786 939 an
1828 874 2047 959 heros,

329 978 711 1044 Maturusne
747 1001 954 1045 senex
997 1003 1095 1045 an.
1121 979 1336 1045 adhue
1373 979 1647 1045 florente
1688 982 1961 1045 iuventa

329 1083 684 1166 Fervidus‚
731 1096 798 1149 et
839 1097 1138 1152 matrona
1181 1094 1414 1173 potens
1457 1107 1547 1151 an
1592 1085 1824 1151 sedula
1865 1086 2123 1166 nutrix,

330 1189 744 1256 Mercatorne
787 1213 996 1278 vagus
1043 1193 1336 1259 cultorne
1379 1195 1657 1259 virentis
1702 1191 1935 1279 agelli,

334 1294 619 1361 Colchus
663 1318 750 1361 an
791 1296 1142 1385 Assyrius,
1193 1282 1437 1365 Thebis
1480 1301 1763 1365 nutritus
1804 1321 1889 1363 an
1930 1297 2152 1382 Argis.

330 1508 470 1574 Aut
511 1509 752 1573 famam
797 1532 1106 1597 sequere,
1147 1519 1259 1575 aut
1297 1513 1426 1577 sibi
1470 1512 1932 1578 convenientia
1969 1508 2169 1593 finge.

333 1615 625 1702 Scriptor
666 1614 1056 1679 honoratum
1102 1618 1159 1680 si
1202 1618 1370 1683 forte
1413 1620 1675 1705 reponis
1718 1615 2076 1698 Achillem,

331 1723 659 1810 Impiger,
701 1720 1090 1803 iracundus,
1130 1722 1561 1789 inexorabilis
1573 1775 1592 1809 ,
1636 1746 1789 1790 acer

331 1828 490 1892 Iura
532 1834 730 1913 neget
771 1826 901 1892 sibi
945 1835 1134 1909 nata,
1181 1827 1343 1891 nihil
1388 1851 1519 1894 non
1564 1839 1826 1917 arroget
1869 1829 2090 1893 armis·

335 1936 434 1999 Sit
473 1934 710 1998 Medea
750 1933 942 1999 ferox
985 1935 1397 2020 invictaque,
1445 1936 1687 2001 flebilis
1730 1937 1887 2018 Ino,

329 2022 631 2105 Perfidus
677 2040 899 2122 Ixion,
946 2040 1022 2105 Io
1067 2062 1267 2126 vaga,
1313 2044 1521 2107 tristis
1568 2042 1858 2107 Orestes.

335 2149 405 2213 Si
450 2148 610 2236 qnid
652 2150 1065 2233 inexpertum
1109 2169 1344 2211 scenae
1385 2150 1731 2214 committis
1744 2197 1763 2231 ,
1803 2156 1869 2211 et
1908 2147 2111 2212 audes

335 2255 690 2320 Personam
732 2253 1018 2317 formare
1054 2274 1323 2337 novam,
1371 2264 1671 2321 servetur
1716 2254 1803 2320 ad
1842 2256 2081 2337 imum,

338 2361 572 2441 Qualis
616 2360 701 2424 ab
747 2361 1006 2448 incepto
1049 2363 1471 2448 processerit,
1520 2373 1585 2428 et
1632 2363 1759 2429 sibi
1803 2369 2078 2428 constet.

338 2463 631 2530 Difficile
677 2474 776 2530 est
819 2468 1076 2553 proprie
1121 2471 1490 2536 communia
1538 2471 1787 2553 dicere3
1832 2477 2033 2555 tuque

338 2573 607 2636 Rectius
653 2571 930 2636 Iliacum
973 2595 1235 2639 carmen
1273 2576 1605 2642 deducis
1586 2601 1657 2641 1n
1700 2584 1908 2656 actus,

339 2677 552 2757 Quam
594 2677 651 2740 si
695 2677 1022 2764 proferres
1065 2680 1291 2784 ignota
1333 2684 1716 2770 indictaque
1752 2682 2025 2770 primus.

342 2783 620 2848 Publica
661 2785 966 2848 materies
1009 2786 1251 2871 privati
1293 2789 1452 2852 iuris
1500 2790 1655 2870 erit,
1710 2789 1767 2852 si

339 2887 487 2955 Non
529 2887 705 2952 circa
748 2887 946 2954 vilem
987 2891 1413 2978 patulumque
1453 2894 1815 2960 moraberis
1861 2894 2105 2959 orbem.

338 2995 478 3060 Nec
519 2995 796 3060 verbum
838 2995 1042 3062 verbo
1089 2997 1352 3062 curabis
1397 2999 1673 3065 reddere
1716 2999 1885 3064 fidus

339 3104 706 3191 Interpres,
743 3125 864 3167 nec
906 3103 1172 3168 desilies
1215 3105 1503 3172 imitator
1546 3107 1615 3171 in
1655 3111 1960 3189 artum,‘'

340 3209 534 3275 Unde
579 3210 810 3296 pedem
853 3211 1148 3298 proferre
1185 3212 1396 3299 pudor
1437 3221 1617 3278 vetet
1658 3221 1770 3278 aut
1814 3214 2026 3300 operis
2071 3212 2201 3276 lex.

342 3419 482 3486 Nec
529 3422 623 3485 sic
666 3423 973 3508 incipies,
1012 3433 1086 3490 ut
1126 3425 1402 3511 scriptor
1441 3423 1729 3511 cyclicus
1774 3425 1959 3490 olim:

344 3525 758 3611 „Fortunam
805 3528 1050 3606 Priami
1091 3530 1372 3596 cantabo
1417 3540 1483 3595 et
1525 3531 1743 3596 nobile
1785 3531 2097 3598 bellum.“

345 3632 522 3713 Quid
568 3632 838 3717 dignum
884 3642 1066 3699 tanto
1109 3636 1276 3702 feret
1316 3637 1425 3702 hic
1470 3638 1825 3725 promissor
1865 3637 2095 3704 hiatu?

342 3740 722 3806 Parturient
757 3750 1042 3832 montes,
1090 3753 1394 3809 nascetur
1438 3742 1753 3808 ridiculus
1796 3765 1961 3808 mus.

345 3847 610 3930 Quanto
651 3842 892 3912 rectius
938 3847 1044 3911 hic
1061 3897 1080 3931 ,
1121 3851 1235 3934 qni
1275 3849 1370 3913 nil
1411 3849 1677 3914 molitur
1715 3850 1964 3937 inepte:

343 3957 528 4040 „Dic
571 3955 762 4037 mihi,
807 3953 1030 4037 Musa,
1067 3956 1282 4020 virum
1293 4003 1312 4037 ,
1361 3963 1594 4042 captae
1637 3966 1785 4044 post
1824 3965 2121 4045 tempora
2153 3955 2391 4018 Troiae

347 4063 535 4144 „Qui
581 4083 794 4127 mores
838 4059 1172 4126 hominum
1214 4061 1564 4128 multorum
1605 4062 1776 4128 vidit
1806 4073 1871 4128 et
1911 4063 2179 4128 urbes.“

347 4166 495 4227 Non
539 4167 788 4227 fumum
835 4187 921 4228 ex
957 4166 1245 4250 fulgore,
1293 4166 1412 4230 sed
1455 4191 1541 4232 ex
1586 4168 1765 4233 fumo
1811 4168 1967 4234 dare
2015 4168 2225 4234 lucem

349 4267 641 4364 Cogitat,
685 4277 760 4331 ut
803 4272 1098 4355 speciosa
1141 4271 1379 4336 dehinc
1417 4273 1739 4337 miracula
1780 4282 2063 4360 promat,

2695 450 2773 501 110

2702 984 2775 1034 115

2414 1674 2423 1685 ,
2518 1646 2539 1677 ,,
2700 1612 2775 1663 120

2698 2138 2770 2189 125

2694 2676 2768 2726 130

2690 3207 2767 3260 135

2689 3844 2767 3896 140
