2919 4716
266 287 348 348 54
1189 295 1685 344 EPISTOLARUM

270 467 490 532 Nolito
537 467 622 530 ad
663 487 897 531 versus
933 466 1056 552 tibi
1100 466 1308 530 factos
1354 465 1592 529 ducere
1633 465 1899 550 plenum

270 573 629 636 Laetitiae:
667 571 978 636 clamabit
1019 573 1226 636 enim:
1271 571 1625 658 „pulchrel
1672 571 1869 635 bene!
1914 571 2205 652 recte!“‚

271 677 594 742 Pallescet
637 699 829 764 super
865 677 1002 760 his,
1043 678 1238 742 etiam
1285 675 1561 741 stillabit
1600 677 1831 740 amicis

274 785 381 878 Εις
429 783 633 850 oculis
676 805 919 867 rorem,
964 784 1183 870 saliet,
1229 783 1463 848 tundet
1502 782 1669 868 pede
1708 791 1968 845 terram.
2635 795 2731 845 430

274 891 395 974 Ut,
444 891 557 979 qui
595 889 900 955 conducti
943 892 1202 978 plorant
1245 891 1314 953 in
1361 889 1621 971 funere,
1670 888 1897 952 dicunt

274 997 362 1059 Et
405 996 658 1058 faciunt
699 1017 904 1082 prope
945 996 1136 1084 plura
1181 994 1553 1062 dolentibus
1600 1015 1685 1059 ex
1728 995 1979 1076 animo,
2022 995 2115 1058 sie

273 1102 548 1166 Derisor
591 1123 748 1166 vero
789 1101 940 1188 plus
983 1103 1322 1168 laudatore
1363 1108 1686 1166 movetur.

273 1209 492 1294 Reges
535 1207 844 1271 dicuntur
885 1209 1108 1272 multis
1151 1229 1386 1291 urgere
1431 1204 1693 1271 culullis

275 1315 362 1378 Et
405 1323 706 1400 torquere
741 1335 953 1398 mero,
1003 1335 1195 1400 quem
1238 1313 1657 1400 perspexisse
1698 1311 2030 1394 laborant,
2642 1315 2733 1368 435

274 1420 382 1484 An
427 1419 512 1482 sit
547 1419 838 1485 amicitia
881 1421 1152 1506 dignus;
1193 1420 1250 1482 si
1289 1419 1581 1483 carmina
1620 1418 1899 1502 condeS,

273 1526 624 1610 Nunquam
667 1533 734 1590 te
777 1525 1010 1590 fallant
1049 1526 1250 1590 animi
1295 1524 1416 1589 sub
1453 1522 1653 1609 vulpe
1694 1522 1993 1588 latentes,

275 1631 634 1711 Quinctilio
679 1633 734 1695 si
783 1631 944 1716 quid
987 1632 1331 1713 recitares,
1371 1630 1672 1715 „corrige
1686 1677 1703 1710 ,
1744 1631 1936 1695 sodes
1949 1679 1967 1712 ,

275 1787 316 1819 „
335 1733 482 1818 Hoc
499 1738 540 1772 “
585 1735 802 1800 aiebat
845 1745 968 1819 „et
1004 1735 1195 1800 hoc.“
1263 1737 1504 1802 Melius
1546 1744 1611 1800 te
1656 1755 1851 1822 posse
1896 1755 2201 1818 negare8‚

275 1843 390 1906 Bis
431 1851 658 1928 terque
703 1851 1044 1929 expertum
1090 1842 1366 1925 frustra,
1412 1841 1629 1906 delere
1672 1840 1943 1907 iubebat
2645 1851 2737 1904 440

275 1947 364 2010 Et
405 1945 576 2010 male
617 1955 908 2014 tornatos
955 1947 1178 2012 incudi
1223 1947 1500 2012 reddere
1544 1969 1795 2012 versus.

275 2055 346 2121 Si
390 2054 744 2120 defendere
783 2054 1092 2120 delictum
1135 2077 1328 2142 quam
1371 2063 1629 2120 vertere
1670 2051 1933 2135 malles,

273 2160 540 2227 Nullum
589 2161 762 2226 ultra
812 2161 1084 2228 verbum
1131 2149 1254 2226 aut*
1288 2183 1552 2249 operam
1598 2158 1969 2224 insumebat
2012 2161 2305 2240 inanem,

273 2269 451 2350 Quin
491 2269 631 2332 sine
673 2263 869 2329 rivali
907 2275 1102 2354 teque
1147 2277 1212 2333 et
1247 2277 1361 2334 tua
1398 2267 1575 2332 solus
1620 2287 1896 2331 amares,

271 2376 392 2440 Vir
437 2376 648 2440 bonus
689 2382 753 2437 et
797 2375 1086 2461 prudens
1131 2400 1363 2442 versus
1409 2374 1845 2462 reprehendet
1885 2374 2157 2455 inerteS,
2642 2390 2735 2443 445

275 2478 588 2567 Culpabit
629 2478 861 2563 duros,
905 2482 1208 2547 incomtis
1253 2483 1482 2548 allinet
1522 2491 1734 2546 atrum

273 2584 684 2650 Transverso
723 2584 976 2651 calamo
1023 2589 1314 2673 signum,
1361 2587 1711 2653 ambitiosa
1752 2584 2003 2651 recidet

273 2694 702 2773 ornamenta,
750 2715 980 2780 parum
1025 2694 1214 2759 claris
1258 2695 1469 2759 lucem
1514 2688 1671 2758 dare
1713 2698 1933 2775 coget,
2098 2671 2107 2681 ’

159 2878 164 2883 ,
271 2803 527 2886 Arguet
569 2798 876 2883 ambigue
922 2800 1167 2864 dictum
1185 2850 1202 2883 ,
1248 2800 1563 2865 mutanda
1604 2795 1895 2877 notabit,

270 2906 420 2970 Fiet
463 2905 923 2989 Aristarchus;
970 2930 1100 2972 non
1146 2908 1350 2973 dicet:
1396 2929 1559 2991 „cur
1604 2926 1725 2989 ego
1764 2903 2041 2965 amicum
2636 2920 2733 2974 450

272 3012 660 3096 „offendam
705 3013 774 3075 in
818 3014 1121 3099 nugis?“
1189 3015 1336 3077 Hae
1381 3034 1598 3097 nugae
1645 3009 1817 3073 seria
1858 3008 2096 3073 ducent

269 3118 350 3181 In
397 3116 570 3181 mala
613 3118 898 3183 derisum
941 3120 1142 3183 semel
1177 3128 1653 3205 exceptumque
1698 3116 1980 3181 sinistre.

269 3328 362 3392 Ut
405 3328 578 3392 mala
621 3352 812 3414 quem
860 3329 1114 3396 scabies
1163 3340 1276 3395 aut
1318 3331 1586 3396 morbus
1628 3329 1850 3413 regius
1894 3335 2089 3412 urget

269 3434 406 3497 Aut
448 3434 774 3500 fanaticus
819 3458 999 3501 error
1037 3444 1104 3500 et
1142 3438 1456 3502 iracunda
1497 3423 1748 3518 Diana,
1822 3422 1830 3431 ⁹

270 3538 598 3604 Vesanum
643 3543 940 3628 tetigisse
983 3543 1214 3605 timent
1255 3544 1647 3629 fugiuntque
1688 3550 1947 3627 poetam
1966 3591 1983 3624 ,
2628 3551 2721 3603 455

271 3645 404 3725 Qui
452 3647 747 3732 sapiunt3
792 3648 1044 3733 agitant
1083 3649 1270 3734 pueri
1309 3649 1686 3735 incautique
1730 3656 2113 3735 sequuntur.
2500 3637 2506 3642 ⁶

268 3750 433 3834 Hic,
483 3751 636 3816 dum
683 3754 978 3820 sublimis
1023 3776 1256 3819 versus
1299 3763 1591 3819 ructatur
1635 3764 1699 3819 et
1742 3763 1944 3838 errat,

270 3859 338 3923 Si
379 3859 585 3923 veluti
622 3861 888 3926 merulis
932 3863 1221 3925 intentus
1267 3862 1515 3926 decidit
1556 3884 1795 3948 auceps

155 3986 160 3990 ·
267 3965 346 4029 In
391 3976 656 4052 puteum
701 3969 1077 4052 foveamve‚
1123 3968 1278 4033 licet
1319 3971 1739 4051 „succurrite
1756 3974 1796 4008 “
1840 3969 2107 4055 longum

271 4070 526 4135 Clamet
571 4075 686 4154 „io
727 4076 1028 4159 eivesl-“3
1074 4096 1204 4139 non
1245 4075 1329 4138 sit
1371 4076 1483 4160 qui
1525 4076 1752 4141 tollere
1796 4085 1997 4141 curet.
2617 4082 2715 4133 460

272 4176 343 4238 Si
385 4184 570 4239 curet
616 4182 762 4261 quis
805 4200 994 4263 opem
1035 4180 1206 4242 ferre
1247 4189 1310 4244 et
1357 4180 1697 4245 demittere
1736 4181 1989 4265 funem,

272 4277 456 4357 „Qui
501 4280 664 4359 scis,
707 4302 790 4342 an
832 4284 1118 4365 prudens
1167 4281 1292 4349 huc
1335 4308 1406 4349 se
1445 4288 1794 4372 proiecerit
1828 4296 2023 4374 atque
