2919 4716
334 230 374 291 4
1241 240 1735 291 Ems'ronARtm

335 410 448 475 Nil
487 412 660 475 intra
704 418 806 475 est
845 410 1086 493 oleam,
1131 410 1225 475 nil
1262 419 1448 477 extra
1492 420 1591 477 est
1628 413 1697 476 in
1740 433 1905 475 nuce
1956 411 2101 475 duri
2121 412 2155 474 ⁴?

335 514 654 579 Venimus
689 516 774 579 ad
814 538 1138 580 summum
1180 516 1515 600 fortunae3
1557 518 1889 603 pingimus
1934 524 2128 603 atque

337 620 687 685 Psallimus
731 627 794 682 et
833 621 1153 687 luctamur
1197 620 1477 687 Achivis
1519 620 1773 686 doctius
1814 620 2075 685 unctis?

339 726 410 790 Si
449 725 720 791 meliora
753 726 894 791 dies
909 776 928 811 ,
978 737 1053 793 ut
1096 730 1281 810 vina,
1325 734 1627 813 poemata
1670 726 1920 809 reddit,

339 830 521 897 Scire
556 833 782 915 velim,
825 832 1069 897 chartis
1111 834 1390 918 pretium
1426 841 1661 919 quotus
1706 840 1969 917 arroget
2010 853 2238 896 annus.

339 938 631 1026 Scriptor
669 938 908 1004 abhinc
951 959 1157 1003 annos
1198 945 1461 1001 centum
1505 940 1617 1023 qui
1660 937 1935 1020 decidit,
1974 938 2146 1001 inter

339 1044 676 1109 Perfectos
717 1054 1102 1130 veteresque
1141 1042 1375 1107 referri
1420 1041 1645 1125 debet,
1686 1064 1772 1106 an
1805 1043 1976 1106 inter

345 1149 521 1214 Viles
565 1159 758 1237 atque
801 1150 1056 1217 novos?
1101 1147 1434 1212 Excludat
1477 1148 1693 1233 iurgia
1734 1148 1916 1212 finis!

339 1256 524 1339 „Est
563 1265 751 1322 vetus
795 1264 992 1342 atque
1035 1254 1308 1342 probus„
1356 1262 1615 1318 centum
1660 1255 1772 1340 qui
1816 1253 2069 1340 perficit
2113 1258 2396 1319 annoS.“

343 1360 554 1446 Quid,
599 1362 710 1448 qui
753 1362 1029 1448 deperiit
1069 1363 1279 1426 minor
1315 1380 1446 1423 uno
1490 1381 1715 1425 mense
1755 1359 1860 1426 vel
1908 1382 2077 1424 anno
2096 1410 2113 1442 ,

341 1468 523 1531 Inter
559 1490 720 1555 quos
755 1468 1137 1533 referendus
1183 1466 1358 1532 erit?
1401 1475 1743 1533 veteresne
1784 1475 2045 1552 poetas,

341 1574 449 1637 An
496 1596 658 1659 quos
699 1582 766 1638 et
799 1594 1110 1657 praesens
1147 1583 1214 1637 et
1248 1581 1513 1659 postera
1554 1581 1819 1657 respuat
1860 1582 2039 1636 aetas
2060 1573 2091 1635 ἱ)

341 1676 532 1760 „Iste
577 1678 840 1764 quidem
880 1688 1134 1743 veteres
1177 1679 1347 1743 inter
1389 1686 1667 1764 ponetur
1702 1677 2005 1760 honeste,

339 1781 530 1864 „Qui
571 1782 680 1847 vel
723 1802 946 1847 mense
993 1781 1181 1847 brevi
1223 1781 1330 1848 vel
1372 1791 1508 1849 toto
1552 1791 1653 1847 est
1696 1784 1913 1848 iunior
1954 1786 2207 1847 ann0.“

344 1886 511 1951 Utor
547 1889 895 1974 permisso,
939 1889 1318 1976 caudaeque
1359 1889 1529 1974 pilos
1574 1898 1647 1953 ut
1690 1891 1967 1977 equinae

343 1991 668 2056 Paulatim
712 1994 916 2079 vello,
969 2003 1036 2060 et
1079 1995 1266 2059 demo
1308 2018 1545 2079 unum,
1592 1998 1780 2061 demo
1826 1997 2021 2061 etiam
2069 2016 2265 2058 unum
2283 2042 2301 2075 ,

343 2100 522 2164 Dum
565 2100 758 2165 cadat
799 2102 1018 2167 elusus
1063 2101 1314 2167 ratione
1357 2106 1609 2167 ruentis
1652 2102 1902 2183 acervi,

345 2205 478 2286 Qui
517 2208 686 2273 redit
733 2207 817 2271 ad
861 2209 1065 2274 fastos
1109 2218 1175 2273 et
1215 2209 1525 2273 virtutem
1568 2208 1869 2272 aestimat
1911 2208 2099 2270 annis
2123 2256 2140 2289 ,

345 2311 750 2400 Miraturque
793 2313 992 2398 nihil,
1038 2315 1168 2381 nisi
1211 2312 1385 2402 quod
1427 2312 1722 2378 Libitina
1766 2314 2073 2377 sacravit.

346 2418 602 2485 Ennius
620 2469 638 2502 ,
684 2431 750 2484 et
789 2421 1050 2505 sapiens
1094 2429 1160 2485 et
1195 2420 1386 2484 fortis
1430 2427 1497 2482 et
1534 2416 1699 2482 alter
1740 2417 2098 2501 Homerus,

347 2525 440 2590 Ut
484 2528 694 2591 critici
742 2527 998 2610 dicunt,
1044 2527 1277 2593 leviter
1319 2547 1549 2592 curare
1589 2523 1881 2608 videtur,

348 2631 496 2711 Quo
539 2632 864 2717 promissa
906 2633 1144 2698 cadant
1189 2643 1256 2698 et
1290 2632 1543 2696 somnia
1586 2630 2024 2716 Pythagorea.

348 2737 640 2802 Naevius
684 2737 751 2799 in
794 2737 1096 2802 manibus
1141 2760 1274 2804 non
1317 2747 1418 2803 est
1462 2747 1527 2802 et
1569 2735 1897 2801 mentibus
1940 2737 2167 2802 haeret

349 2841 568 2906 Paene
611 2842 888 2906 recens?
933 2842 1098 2908 adeo
1135 2852 1432 2907 sanctum
1474 2852 1575 2908 est
1608 2851 1797 2908 vetus
1842 2865 2031 2907 omne
2073 2864 2325 2929 poema.

347 2947 725 3032 Ambigitur
765 2945 1018 3034 quoties
1061 2954 1209 3010 uter
1251 2957 1396 3015 utro
1442 2951 1529 3014 sit
1570 2949 1779 3035 prior,
1825 2946 2038 3013 aufert

349 3055 677 3121 Pacuvius
722 3052 898 3119 docti
941 3051 1181 3116 famam
1228 3057 1436 3139 senis,
1478 3055 1725 3120 Accius
1760 3052 1909 3137 alti,

348 3161 610 3225 Dicitur
653 3160 891 3224 Afrani
933 3168 1090 3244 toga
1131 3163 1517 3228 convenisse
1555 3158 1947 3242 Menandro,

349 3248 621 3331 Plautus
663 3265 749 3330 ad
779 3265 1114 3352 exemplar
1153 3265 1358 3332 Siculi
1399 3288 1749 3354 properare
1792 3265 2205 3351 Epicharmi,

349 3375 632 3439 Vincere
677 3371 1001 3439 Caecilius
1047 3376 1403 3457 gravitate,
1451 3372 1795 3437 Terentius
1840 3380 2003 3436 arte.

349 3478 489 3542 Hos
535 3477 768 3542 ediscit
804 3486 867 3541 et
904 3478 1021 3542 hos
1065 3489 1206 3543 arto
1249 3481 1491 3567 stipata
1532 3480 1787 3544 theatro

353 3581 618 3672 Spectat
659 3583 867 3647 Roma
904 3593 1171 3670 potenS,
1215 3585 1414 3651 habet
1455 3586 1573 3650 hos
1618 3591 2042 3671 numeratque
2082 3592 2307 3669 poetas

349 3689 458 3755 Ad
503 3698 791 3754 nostrum
833 3699 1090 3776 tempus
1131 3689 1285 3755 Livi
1324 3691 1660 3777 scriptoris
1700 3690 1783 3756 ab
1821 3712 2005 3756 aevo.

349 3795 687 3862 Interdum
728 3793 966 3881 vulgus
1009 3804 1260 3860 rectum
1305 3797 1517 3882 videt3
1560 3807 1659 3864 est
1698 3797 1813 3863 ubi
1854 3805 2105 3883 peccat.

351 3902 422 3968 Si
470 3912 722 3970 veteres
765 3904 858 3967 ita
900 3904 1174 3968 miratur
1218 3903 1569 3991 laudatque
1614 3913 1868 3991 poetas,

351 4009 442 4072 Ut
489 4006 652 4073 nihil
695 4009 1049 4092 anteferat,
1105 4010 1269 4074 nihil
1308 4009 1440 4074 illis
1485 4021 1840 4099 comparet,
1888 4021 2094 4096 errat3

351 4113 422 4177 Si
466 4114 784 4199 quaedam
821 4116 1012 4180 nimis
1059 4117 1358 4203 antique,
1403 4120 1461 4181 si
1506 4119 1813 4206 pleraque
1861 4120 2021 4185 dure

350 4216 590 4280 Dicere
629 4217 837 4280 credit
879 4241 1020 4301 eos,
1062 4221 1304 4303 ignave
1347 4223 1553 4288 multa
1590 4223 1861 4310 fatetur,

2731 846 2792 896 35

2728 1900 2789 1947 45

2722 2428 2784 2476 50

2724 2962 2787 3009 55

2727 3490 2789 3539 60

2732 4014 2846 4066 65¹
