2919 4716
294 245 375 308 44
1209 251 1703 302 Ενιετοωιιωι

294 410 573 476 Dictitet
586 457 605 492 ‚
649 403 970 473 occultam
1011 403 1259 472 febrem
1302 403 1425 472 sub
1471 413 1728 494 tempus
1771 403 2010 470 edendi

295 513 691 582 Dissimules
706 561 725 596 ‚
772 511 979 577 donec
1016 511 1318 576 manibus
1359 519 1602 578 tremor
1647 513 1896 578 incidat
1937 513 2176 578 unctis.

298 621 656 688 Stultorum
693 619 990 684 incurata
1032 617 1243 706 pudor
1284 615 1498 683 malus
1542 617 1764 683 ulcera
1807 619 1996 684 celat.

298 730 368 795 Si
414 728 562 814 quis
600 723 777 792 bella
820 724 944 789 tibi
982 733 1160 790 terra
1201 733 1496 812 pugnata
1540 725 1834 812 marique
2691 739 2766 788 25

294 835 529 916 Dicat,
574 839 639 898 et
680 831 784 898 his
825 828 1045 900 verbis
1086 853 1329 898 vacuas
1371 829 1774 916 permulceat
1809 852 2033 896 aures:

294 939 518 1023 „Tene
553 942 768 1024 magis
808 939 1061 1004 salvum
1103 936 1380 1024 populus
1424 938 1620 1018 velit,
1665 959 1750 1000 an
1791 936 2101 1024 populum
2147 947 2252 1022 tu,

298 1047 575 1128 „Servet
616 1048 686 1112 in
730 1045 1070 1132 ambiguo,
1116 1045 1229 1132 qui
1274 1043 1559 1110 consulit
1601 1052 1667 1109 et
1699 1045 1824 1110 tibi
1869 1053 1933 1110 et
1967 1043 2148 1126 urbi,

298 1155 712 1244 „Iuppiterl‘'·
754 1152 1041 1239 Augusti
1082 1149 1310 1216 laudes
1354 1173 1712 1236 agnoscere
1753 1152 1996 1239 possis;

300 1259 466 1326 Cum
503 1261 749 1350 pateris
796 1261 1057 1348 sapiens
1100 1255 1610 1344 emendatusque
1653 1259 1904 1338 vocari,
2677 1279 2751 1334 30

296 1367 816 1456 Respondesne‘?
884 1364 1028 1431 Tuo
1071 1364 1179 1429 dic
1221 1363 1411 1431 sodes
1454 1365 1746 1431 nomine!
1819 1365 2068 1454 Nempe

298 1478 416 1543 Vir
454 1473 665 1540 bonus
708 1483 772 1538 et
816 1473 1102 1561 prudens
1151 1472 1283 1537 dici
1327 1471 1616 1537 delector
1657 1493 1778 1557 ego
1827 1495 1905 1536 ac
1945 1483 2035 1537 tu.

299 1583 432 1664 Qui
478 1579 659 1645 dedit
696 1579 820 1644 hoc
860 1579 1087 1658 hodie,
1130 1599 1309 1657 cram,
1350 1579 1405 1642 si
1444 1577 1652 1659 volet,
1699 1578 1983 1658 auferet,
2028 1587 2100 1643 ut
2145 1582 2202 1644 si
2259 1619 2264 1624 ·

298 1688 627 1755 Detulerit
671 1686 885 1750 fasces
928 1685 1233 1772 indign0,
1281 1684 1582 1750 detrahet
1622 1686 1813 1751 idem.

299 1797 553 1881 ‚,Pone,
593 1814 809 1857 meum
850 1795 1028 1873 est‚“
1071 1791 1314 1880 inquit:
1360 1814 1532 1880 pono
1569 1794 1906 1880 tristisque
1945 1793 2198 1857 recedo,
2671 1801 2748 1852 35

299 1904 486 1969 Idem
534 1901 591 1967 si
637 1898 872 1963 clamet
918 1895 1161 1977 furem,
1206 1906 1402 1984 neget
1446 1921 1590 1963 esse
1633 1898 1976 1986 pudicum,

303 2007 673 2076 Contendat
714 2005 948 2094 laqueo
995 2002 1231 2069 collum
1274 2007 1591 2092 pressisse
1633 2013 2010 2092 paternum,

298 2116 601 2183 Mordear
642 2108 1009 2200 opprobriis
1055 2109 1242 2176 falsis
1288 2119 1661 2197 mutemque
1705 2110 2001 2176 colores?

300 2222 540 2288 Falsus
578 2219 786 2284 honor
832 2215 1019 2282 iuvat
1061 2224 1127 2281 et
1164 2215 1453 2282 mendax
1499 2217 1774 2281 infamia
1809 2225 2013 2282 terret
2079 2195 2098 2216 ²

304 2330 514 2412 Quem
546 2326 675 2393 nisi
718 2322 1101 2389 mendosum
1137 2331 1202 2389 et
1234 2321 1747 2389 medicandum?
1775 2358 1861 2375 -
1883 2321 2006 2388 Vir
2033 2323 2246 2389 bonus
2283 2332 2385 2388 est
2415 2321 2615 2411 quis?
2660 2324 2732 2375 40

306 2436 439 2517 Qui
486 2432 783 2500 consulta
824 2439 1119 2519 patrum,
1168 2432 1279 2519 qui
1326 2430 1506 2517 leges
1527 2432 1824 2519 'iuraque
1869 2428 2136 2497 servat?

306 2542 451 2623 Quo
494 2540 740 2605 multae
780 2558 1189 2623 magnaeque
1230 2546 1539 2603 secantur
1583 2536 1801 2601 iudice
1843 2535 2044 2603 lites?

303 2648 449 2729 Quo
488 2669 594 2713 res
632 2665 941 2734 sponsore
988 2652 1053 2707 et
1102 2663 1231 2730 quo
1277 2664 1515 2708 causae
1559 2652 1728 2711 teste
1765 2644 2121 2711 tenentur?

304 2754 436 2819 Sed
483 2752 669 2818 videt
707 2749 880 2814 hunc
918 2748 1129 2813 omnis
1170 2745 1399 2813 domus
1436 2760 1502 2815 et
1542 2752 1790 2818 vicinia
1833 2758 1972 2817 tota

304 2860 668 2925 Introrsum
711 2865 1003 2942 turpem,
1048 2855 1413 2941 speciosum
1448 2856 1626 2943 'pelle
1670 2856 1952 2923 decora?
1999 2896 2080 2906 -—
2667 2860 2729 2909 45

310 2966 493 3050 „Nec
535 2964 783 3033 furtum
828 2960 958 3026 feci
998 2984 1121 3026 nec
1167 2960 1310 3047 fugi
1326 2964 1392 3046 ‚“
1433 2965 1490 3027 si
1529 2962 1691 3027 mihi
1732 2964 1908 3029 dicat

312 3074 586 3139 Servus:
632 3068 904 3154 „Habes
950 3068 1264 3154 pretium,
1310 3067 1466 3134 loris
1515 3091 1647 3134 non
1688 3071 1896 3136 ureris
1915 3075 1980 3155 ‚“
2022 3072 2148 3137 aio.

307 3178 503 3262 „Non
546 3175 873 3241 hominem
916 3174 1221 3241 occidi:‘²
1272 3168 1467 3259 ‚‘,N0n
1508 3197 1739 3263 pasces
1784 3179 1856 3242 in
1895 3200 2086 3242 cruce
2125 3180 2426 3243 corvos.“

308 3284 510 3369 „Sum
545 3283 756 3348 bonus
801 3291 867 3345 et
909 3281 1175 3367 frugi:“
1217 3283 1434 3346 renuit
1480 3282 1857 3369 negitatque
1903 3280 2224 3349 Sabellus.

311 3390 605 3475 „Cautus
650 3388 823 3451 enim
866 3389 1097 3451 metuit
1141 3386 1399 3453 foveam
1440 3388 1665 3475 lupum
1711 3390 2148 3477 accipiterque
2663 3392 2728 3442 50

308 3494 707 3580 „Suspectos
747 3491 1047 3577 laqueos,
1094 3501 1159 3555 et
1202 3501 1500 3579 opertum
1534 3493 1776 3560 miluus
1808 3495 2092 3560 hamum.
2859 3522 2864 3787 1

312 3598 657 3685 „Oderunt
697 3617 969 3683 peccare
1010 3594 1166 3661 boni
1208 3600 1478 3665 virtutis
1519 3620 1773 3684 amore3

312 3705 461 3792 „Tu
502 3702 668 3769 nihil
706 3701 1011 3767 admittes
1056 3702 1128 3767 in
1167 3711 1231 3768 te
1275 3703 1624 3770 formidine
1669 3729 1956 3793 poenae:

308 3811 458 3898 „Sit
501 3832 650 3899 spes
689 3808 995 3890 fallendi,
1041 3807 1347 3875 miscebis
1397 3832 1584 3876 sacra
1628 3814 1945 3901 profanis.
2859 3890 2861 3895 .

307 3918 521 4003 „Nam
562 3917 642 3981 de
674 3913 854 3979 mille
898 3914 1094 3980 fabae
1126 3915 1363 3981 modiis
1408 3940 1557 3982 cum
1601 3919 1875 4005 surripis
1917 3940 2118 3982 unum
2137 3968 2154 4001 ,
2660 3926 2720 3975 55
2859 3908 2861 3951 ἒ

311 4026 689 4109 „Damnum
734 4032 863 4105 est,
902 4045 1034 4087 non
1072 4022 1366 4104 facinus,
1402 4024 1565 4087 mihi
1609 4033 1801 4111 pacto
1845 4021 2056 4086 lenius
2103 4025 2299 4087 ist0.“
2859 3956 2862 4153 Ι

310 4130 433 4194 Vir
470 4128 717 4211 bonus,
764 4151 952 4193 omne
997 4130 1209 4195 forum
1253 4151 1446 4214 quem
1493 4137 1746 4216 spectat
1788 4137 1851 4192 et
1895 4149 2084 4191 omne
2134 4126 2459 4208 tribunal,

317 4233 863 4319 Quandocunque·
898 4234 1052 4299 deos
1094 4234 1201 4299 vel
1242 4256 1437 4322 porco
1480 4232 1588 4298 vel
1630 4233 1800 4299 bove
1842 4230 2090 4317 placat,
2851 4172 2860 4650 δ
