2919 4716
174 201 252 262 24
757 185 770 194 ’
1088 208 1584 257 EPISTOLARUM

172 365 352 429 Dum
392 363 564 430 redit
605 371 802 450 atque
845 362 986 430 foro
1028 362 1304 426 nimium
1348 361 1595 426 distare
1638 360 1913 430 Carinas

173 472 315 534 Iam
357 469 628 555 grandis
669 477 829 534 natu
873 465 1200 554 queritur,
1253 467 1633 555 conspexit,
1676 476 1751 531 ut
1793 468 2011 549 aiunt,

171 577 502 642 Adrasum
539 576 865 664 quendam
912 592 1126 638 vacua
1171 576 1454 640 tonsoris
1496 574 1569 638 in
1607 573 1841 639 umbra

175 682 456 748 Cultello
503 683 798 770 proprios
841 686 1232 768 purgantem
1276 681 1511 745 leniter
1550 701 1829 765 ungues.

173 789 517 873 „Demetri
529 790 595 870 ,“
642 825 716 834 ——
752 809 915 875 puer
955 785 1062 850 hic
1106 809 1239 851 non
1281 785 1473 852 laeve
1520 786 1703 849 iussa
1748 784 2039 873 Philippi

172 893 562 981 Accipiebat
595 932 668 940 -—
700 893 889 977 „abi,
939 915 1178 981 quaere
1223 900 1288 956 et
1331 891 1528 972 refer,
1575 888 1749 954 unde
1792 890 2019 974 dom0,
2062 894 2244 978 quis,

172 1001 428 1086 „Cuius
471 999 804 1080 fortunae,
851 1020 979 1085 quo
1017 999 1104 1063 sit
1148 1007 1332 1086 patre
1379 1018 1591 1083 quove
1635 1001 1979 1082 patron0.“

171 1113 266 1188 It,
306 1105 478 1170 redit
521 1111 588 1168 et
627 1113 881 1188 narrat,
925 1104 1258 1168 Vulteium
1293 1104 1557 1167 nomine
1596 1101 1893 1183 Menam,

173 1213 607 1290 Praeconem,
653 1208 834 1273 tenui
879 1229 1110 1293 censu,
1161 1212 1302 1274 sine
1346 1211 1616 1274 crimine
1634 1257 1653 1292 ,
1699 1219 1959 1291 notum,

171 1319 262 1382 Et
303 1336 654 1404 properare
698 1314 839 1380 loco
879 1324 946 1380 et
981 1338 1276 1400 cessare,
1317 1325 1386 1382 et
1429 1339 1740 1403 quaerere
1778 1324 1843 1380 et
1884 1317 2014 1398 uti,

175 1423 586 1489 Gaudentem
629 1422 980 1509 parvisque
1025 1423 1360 1489 sodalibus
1401 1433 1468 1488 et
1508 1424 1647 1488 lare
1686 1431 1871 1488 curto

172 1531 260 1594 Et
298 1529 472 1594 ludis
517 1535 583 1592 et
621 1533 768 1613 post
804 1527 1026 1594 decisa
1070 1533 1336 1616 negotia
1381 1531 1649 1617 Campo.
1723 1577 1731 1584 .

171 1635 452 1721 „Scitari
486 1632 654 1700 libet
693 1656 778 1698 ex
821 1636 963 1720 ipso
1009 1635 1440 1722 quodcunque
1482 1635 1723 1700 refers:
1769 1636 1877 1700 dic

173 1742 320 1826 „Ac
358 1762 623 1805 coenam
667 1742 959 1805 veniat.“
1023 1741 1171 1804 Non
1215 1761 1372 1804 sane
1417 1741 1681 1805 credere
1726 1741 1950 1825 Mena,

169 1848 404 1912 Mirari
449 1866 672 1910 secum
716 1846 976 1910 tacitus.
1067 1844 1246 1926 Quid
1287 1845 1544 1920 multa?
1612 1847 1998 1933 ,‚Benigne“

171 1951 569 2040 Respondet.
656 1949 920 2034 „Negat
961 1947 1072 2012 ille
1113 1950 1320 2013 mihi?
1395 1951 1658 2037 „Negat
1699 1954 2069 2039 improbus,
2114 1962 2179 2019 et
2216 1962 2281 2017 te

171 2057 508 2143 „Negligit
553 2065 668 2121 aut
708 2055 996 2121 horret.“
1059 2057 1394 2121 Vulteium
1435 2080 1627 2123 mane
1672 2059 2017 2147 Philippus

169 2163 348 2229 Vilia
385 2162 779 2228 vendentem
825 2166 1116 2230 tunicato
1158 2172 1376 2228 scruta
1419 2166 1677 2252 popello

171 2270 468 2356 Occupat
514 2277 579 2334 et
625 2268 880 2334 salvere
919 2268 1102 2333 iubet
1143 2269 1353 2356 prior3
1399 2270 1512 2335 ille
1554 2271 1857 2361 Philippo

168 2379 512 2442 Excusare
556 2376 842 2443 laborem
887 2386 954 2441 et
993 2378 1398 2442 mercenaria
1433 2378 1680 2462 vincla,

170 2483 366 2565 Quod
409 2505 540 2548 non
581 2506 768 2548 mane
814 2483 1074 2549 domum
1115 2484 1437 2566 venisset,
1490 2484 1772 2572 denique
1816 2484 1993 2573 quod
2036 2506 2167 2549 non

170 2589 580 2655 Providisset
616 2612 784 2654 eum.
859 2589 1014 2672 „Sic
1057 2590 1390 2673 ignovisse
1433 2599 1681 2676 putato-

169 2696 324 2781 „Me
367 2694 525 2775 tibi,
573 2694 909 2759 si.coenas
947 2693 1140 2759 hodie
1176 2700 1498 2759 mecum.“
1568 2698 1705 2780 „Ut
1742 2698 1973 2763 libet.“
2047 2698 2269 2783 „Ergo

169 2801 374 2886 „Post
413 2820 651 2865 nonam
695 2801 954 2883 venies3
1000 2823 1174 2865 nunc
1217 2804 1271 2885 i,
1317 2824 1456 2867 rem
1502 2811 1800 2894 strenuus
1840 2804 2087 2889 auge!“

171 2908 264 2972 Ut
303 2913 572 2972 ventum
616 2905 700 2970 ad
741 2928 1010 2971 coenam
1053 2914 1180 2991 est,
1230 2909 1509 2973 dicenda
1551 2909 1831 2973 tacenda
1874 2910 2129 2976 locutus

172 3013 469 3079 Tandem
513 3011 860 3077 dormitum
905 3011 1269 3079 dimittitur.
1346 3014 1523 3078 Hinc
1564 3014 1681 3079 ubi
1724 3036 1919 3104 saepe

175 3119 525 3185 Occultum
564 3120 748 3183 visus
796 3119 1138 3184 decurrere
1185 3118 1513 3205 piscis'ad
1554 3120 1837 3205 hamum,

167 3228 363 3292 Mane
407 3226 612 3291 cliens
657 3234 723 3289 et
763 3225 896 3289 iam
933 3232 1149 3290 certus
1193 3226 1500 3308 conviva,
1545 3226 1809 3290 iubetur

170 3333 353 3395 Rura
391 3329 768 3395 suburbana
813 3328 1080 3395 indictis
1125 3354 1339 3398 comes
1383 3335 1480 3397 ire
1512 3314 1813 3398 Latinis:

171 3437 526 3522 Impositus
572 3437 831 3500 mannis
875 3456 1106 3502 arvum
1147 3440 1527 3527 coelumque
1575 3438 1886 3504 Sabinum

172 3542 321 3607 Non
363 3549 578 3606 cessat
619 3539 908 3604 laudare.
995 3542 1195 3606 Videt
1237 3545 1533 3632 ridetque
1577 3544 1953 3634 Philippus,

169 3646 259 3709 Et
299 3645 427 3711 sibi
472 3646 626 3710 dum
667 3646 987 3730 requiem,
1033 3645 1189 3710 dum
1235 3650 1406 3713 risus
1449 3651 1740 3738 undique
1786 3657 2073 3740 quaerit,

169 3753 350 3816 Dum
391 3760 642 3839 septem
688 3749 889 3814 donat
929 3753 1262 3836 sestertia,
1309 3764 1534 3820 mutua
1580 3768 1827 3845 septem

170 3861 532 3942 Promittit‚
570 3857 923 3943 persuadet
960 3860 1056 3922 uti
1095 3869 1418 3925 mercetur
1455 3861 1757 3945 agellum.

167 3966 521 4031 Mereatur.
609 3964 712 4027 Ne
755 3972 819 4029 te
863 3964 1080 4051 longis
1125 3966 1515 4051 ambagibus
1555 3967 1726 4031 ultra

170 4070 384 4151 Quam
424 4073 584 4136 satis
631 4079 728 4135 est
771 4094 1014 4135 morer:
1063 4095 1147 4136 ex
1191 4073 1398 4137 nitido
1434 4073 1509 4137 fit
1546 4076 1862 4157 rusticus,
1906 4085 2102 4162 atque

167 4175 393 4241 Sulcos
438 4186 504 4241 et
545 4179 768 4245 vineta
804 4187 1027 4263 crepat
1068 4200 1278 4261 mera,
1325 4184 1673 4265 praeparat
1711 4177 1950 4263 ulmos,

2540 569 2615 619 50

2536 1107 2604 1157 55

2534 1643 2604 1693 60

2528 2175 2599 2227 65

2434 2658 2597 2757 ’70

2532 3240 2598 3290 75

2532 3773 2599 3823 80
