2919 4716
247 234 288 291 4
1151 208 1651 296 'Ems'ronARtm

248 396 373 461 Est
409 396 690 482 quadam
729 398 990 483 prodire
1027 408 1249 483 tenus,
1295 401 1354 463 si
1394 423 1527 466 non
1571 399 1763 465 datur
1800 399 1993 463 ultra.

246 503 493 567 Fervet
533 502 814 566 avaritia
855 506 1220 592 miseroque
1261 504 1571 591 cupidine
1613 516 1845 597 pectus
1861 506 1895 569 ?

249 608 415 671 Sunt
456 608 664 671 verba
707 618 774 674 et
814 631 1042 694 voceS‚
1089 611 1327 697 quibus
1369 612 1543 677 hunc
1586 614 1791 678 lenire
1834 612 2119 678 dolorem
2186 668 2191 673 .

247 717 472 781 Possis
517 725 581 780 et
620 737 925 802 magnam
966 715 1174 779 morbi
1215 717 1539 805 deponere
1577 727 1851 808 partem.

244 822 496 888 Laudis
541 844 760 886 amore
808 820 1069 885 tumes?
1116 832 1266 887 sunt
1309 833 1489 889 certa
1533 824 1824 913 piacula,
1865 846 2033 910 quae
2083 836 2147 889 te

246 928 376 994 Ter
417 951 580 1017 pure
621 928 788 991 lecto
826 934 1134 1015 poterunt
1175 948 1467 993 recreare
1510 927 1755 995 libello.
2134 932 2165 957 ⁶

245 1036 558 1118 Invidus,
603 1032 990 1113 iracundus,
1025 1032 1200 1095 iners
1217 1082 1230 1108 ‚
1272 1034 1577 1119 vinosus,
1623 1045 1907 1121 amator,

243 1144 451 1207 Nemo
487 1142 654 1205 adeo
700 1139 880 1205 ferus
923 1146 1059 1219 est,
1106 1146 1180 1201 ut
1220 1160 1352 1204 non
1391 1142 1735 1207 mitescere
1779 1144 2025 1231 possit,

245 1246 316 1311 Si
355 1248 548 1313 modo
585 1245 877 1311 culturae
917 1243 1272 1330 patientem
1317 1246 1678 1312 commodet
1720 1270 1964 1313 aurem.

244 1353 470 1419 Virtus
517 1364 616 1419 est
657 1354 894 1417 vitium
937 1349 1166 1435 fugere
1182 1398 1201 1432 ‚
1243 1357 1308 1412 et
1353 1352 1673 1436 sapientia
1714 1356 1927 1440 prima

245 1460 540 1525 Stultitia
584 1460 897 1523 caruisse.
981 1453 1220 1536 Vides,
1263 1477 1432 1542 quae
1470 1460 1757 1522 maxima
1798 1462 2033 1526 credis

243 1567 413 1632 Esse
455 1565 658 1646 mala,
703 1564 1017 1647 exiguum
1057 1582 1323 1623 censum
1368 1573 1749 1653 turpemque
1792 1568 2153 1655 repulsam,

245 1671 508 1750 Quanto
553 1669 807 1733 devites
848 1665 1052 1730 animi
1095 1664 1461 1754 capitisque
1506 1665 1758 1753 labore3

243 1777 536 1864 Impiger·
578 1784 903 1840 extremos
949 1773 1156 1837 curris
1201 1782 1524 1837 mercator
1564 1776 1653 1839 ad
1692 1776 1891 1843 Indos
1909 1829 1926 1862 ‚

242 1883 372 1947 Per
408 1904 587 1947 mare
630 1880 1010 1971 pauperiem
1052 1878 1353 1963 fugiens,
1397 1902 1516 1965 per
1562 1902 1755 1965 saxa,
1794 1907 1910 1971 per
1954 1886 2163 1970 ignes:

241 1989 342 2054 Ne
382 2012 572 2055 cures
617 2011 723 2070 ea,
764 2006 932 2075 quae
975 1982 1174 2048 stulte
1206 1983 1465 2046 miraris
1509 1992 1574 2047 et
1616 1996 1829 2073 optas,

240 2093 518 2161 Discere
561 2105 627 2160 et
669 2094 896 2159 audire
940 2100 1006 2155 et
1047 2090 1302 2154 meliori
1339 2090 1605 2155 credere
1650 2115 1781 2157 non
1823 2096 1974 2161 vis‘?

244 2201 410 2282 Quis
451 2196 696 2265 circum
744 2220 950 2286 pagos
997 2206 1062 2262 et
1103 2198 1350 2262 circum
1391 2199 1673 2285 compita
1708 2221 1979 2285 pugnax

243 2307 490 2394 Magna
529 2307 828 2374 coronari
874 2311 1244 2370 contemnat
1288 2302 1629 2392 Olympia,
1671 2308 1777 2370 cui
1824 2329 2003 2394 spes,

242 2414 370 2479 Oui
414 2415 500 2478 sit
543 2415 831 2480 conditio
877 2412 1087 2477 dulcis
1129 2413 1272 2478 sine
1311 2411 1585 2499 pulvere
1633 2411 1887 2499 palmae
1905 2413 1937 2477 ‘?

241 2521 456 2586 Vilius
499 2529 844 2606 argentum
889 2526 990 2582 est
1033 2539 1192 2582 auro
1205 2566 1224 2599 ‚
1266 2518 1621 2584 virtutibus
1660 2541 1913 2584 aurum.

239 2625 345 2709 „O
390 2627 602 2708 civeS,
649 2628 828 2690 cives
844 2673 862 2707 ‚
911 2622 1284 2709 quaerenda
1323 2626 1603 2710 pecunia
1642 2628 1921 2712 primum
1966 2637 2099 2710 est3

238 2730 510 2814 „Virtus
553 2740 702 2818 post
745 2729 1119 2795 nummos!“
1161 2727 1324 2794 haec
1367 2731 1569 2795 Ianus
1609 2754 1898 2797 summus
1944 2735 2029 2799 ab
2069 2737 2198 2799 imo

239 2837 591 2920 Prodocet‚
637 2836 798 2900 haec
841 2837 1143 2900 recinunt
1177 2838 1450 2902 iuvenes
1499 2837 1744 2902 dictata
1783 2861 2131 2926 senesque,

237 2943 462 3007 Laevo
502 2942 807 3031 suspensi
847 2941 1094 3008 loculos
1137 2942 1559 3031 tabulamque
1604 2943 1869 3009 lacerto,

240 3049 366 3113 Est
408 3050 664 3114 animus
709 3047 864 3131 tibi,
909 3055 1061 3111 sunt
1103 3069 1318 3113 mores
1355 3058 1421 3113 et
1455 3048 1684 3134 lingua
1734 3049 2063 3139 fidesque,

240 3156 371 3220 Sed
413 3156 910 3243 quadringentis
949 3175 1068 3218 sex
1083 3203 1103 3237 ‚
1150 3163 1397 3242 septem
1438 3153 1649 3220 millia
1690 3156 1975 3223 desunt?
2036 3221 2051 3240 ,.
2083 3165 2088 3170 ’

235 3260 434 3329 Plebs
473 3263 623 3328 eris.
711 3262 803 3326 At
843 3262 1031 3349 pueri
1075 3261 1376 3327 ludentes
1417 3261 1613 3343 „Rex
1652 3264 1827 3328 eris“
1864 3265 2081 3349 aiunt,

235 3366 352 3448 „Si
389 3375 564 3431 recte
610 3367 888 3430 facieS.“
972 3367 1103 3432 Hic
1147 3390 1370 3432 murus
1413 3368 1700 3432 aheneus
1748 3377 1917 3452 esto,

236 3471 350 3535 Nil
395 3473 688 3536 conscire
734 3470 897 3554 sibi,
944 3473 1124 3537 nulla
1165 3473 1525 3560 pallescere
1570 3475 1794 3561 culpa!

238 3578 511 3659 Roscia,
559 3576 664 3638 dic
709 3575 935 3658 sodes,
975 3577 1206 3644 melior
1249 3579 1360 3645 lex
1403 3601 1488 3642 an
1533 3603 1880 3666 puerorum
1922 3591 2023 3646 est

234 3681 480 3764 Nema,
523 3701 689 3767 quae
728 3702 1000 3764 regnum
1040 3694 1213 3750 recte
1258 3687 1655 3752 facientibus
1700 3688 1918 3772 offert,

235 3788 324 3850 Et
365 3786 658 3851 maribus
705 3787 922 3853 Curiis
971 3800 1036 3855 et
1080 3791 1428 3857 decantata
1475 3793 1818 3859 Camillis?

235 3891 390 3958 Isne
435 3893 558 3958 tibi
601 3893 833 3958 melius
879 3896 1142 3978 suadet,
1190 3900 1303 3985 qui
1354 3900 1569 3982 „Rem
1611 3899 1851 3983 faciaS‚
1898 3925 2064 3984 rem,

235 3999 354 4082 „Si
397 4002 610 4086 possis
625 4047 644 4085 ,
689 4011 897 4080 recte,
945 4004 1003 4066 si
1037 4026 1199 4082 non,
1245 4021 1633 4093 quocunque
1680 4005 1870 4070 modo
1914 4029 2082 4087 rem,

235 4105 375 4186 „Ut
418 4107 686 4193 propius
727 4115 981 4190 spectes
1023 4107 1370 4174 lacrimosa
1404 4121 1707 4198 poemata
1746 4113 1996 4198 Pupi3‘<

235 4211 340 4272 An
377 4213 489 4296 qui
533 4212 864 4276 Fortunae
909 4223 974 4276 te
1017 4235 1400 4298 responsare
1447 4218 1768 4300 superbae

2618 731 2691 781 35

2608 1804 2683 1853 45

2600 2332 2673 2386 50

2599 2872 2670 2921 55

2551 3387 2673 3440 -60

2592 3923 2662 3976 65

2874 1224 2905 1573 -Joffl-n-n—..nm-
2886 1120 2905 1170 -υ
2895 982 2904 1013 .,
2901 886 2904 895 -
2898 800 2904 817 -
2901 740 2904 759 -.
