2919 4716
285 239 360 296 14
1190 252 1681 302 EPISTOLARUM

278 400 503 465 Debes
541 393 676 465 hoc'
708 403 903 468 etiam
949 402 1307 468 rescribere
1320 453 1339 488 ,
1384 407 1473 469 sit
1518 405 1643 472 tibi
1684 429 1877 474 curae
1890 458 1909 491 ,

279 508 583 590 Quantae
625 509 1003 590 conveniat,
1047 507 1405 574 Munatius,
1480 510 1591 575 An
1630 511 1801 576 male
1846 521 2022 576 sarta

279 615 512 679 Gratia
550 616 996 704 nequidquam
1039 614 1200 697 coit,
1245 625 1310 680 et
1345 617 1791 684 rescinditur?
1866 619 1959 683 At
2002 642 2119 684 vos

279 719 411 785 Seu
450 719 706 785 calidus
750 721 1018 806 sanguis
1073 742 1188 785 seu
1233 744 1451 788 rerum
1488 724 1751 789 inscitia
1790 735 2021 808 vexat,

275 829 604 894 Indomita
647 827 903 892 cervice
941 827 1152 911 feros,
1198 829 1571 917 ubicunque
1606 829 1893 894 locorum

276 935 520 1001 Vivitis
561 934 820 1019 indigni
860 933 1224 998 fraternum
1267 957 1569 1022 rumpere
1606 935 1861 1000 foedus.

273 1043 578 1106 Pascitur
621 1041 690 1106 in
725 1049 1016 1107 vestrum
1054 1041 1337 1106 reditum
1380 1042 1607 1106 votiva
1646 1043 1947 1108 iuvenca.

1011 1266 1071 1357 Ἄ
1166 1275 1526 1340 EPISTOLA
1569 1275 1687 1340 IV.

923 1416 1043 1476 AD
1089 1415 1422 1476 ALBIUM
1464 1415 1930 1479 TIBULLUM.

270 1564 463 1648 Albi,
509 1572 876 1628 nostrorum
925 1584 1291 1628 sermonum
1335 1564 1615 1628 candide
1660 1565 1891 1647 iudex,

273 1668 451 1748 Quid
492 1693 668 1734 nunc
704 1680 770 1735 te
811 1670 1024 1733 dicam
1067 1669 1283 1734 facere
1325 1672 1396 1733 in
1431 1671 1701 1755 regione
1741 1671 2057 1736 Pedana?

272 1775 574 1839 Scribere
609 1775 785 1861 quod
829 1774 1014 1838 Cassi
1053 1775 1428 1839 Parmensis
1474 1777 1787 1862 opuscula
1829 1780 2079 1860 vincat,

268 1881 378 1945 An
419 1883 695 1946 tacitum
739 1881 941 1946 silvas
985 1883 1156 1944 inter
1191 1889 1447 1966 reptare
1487 1881 1811 1965 salubres,
2034 1893 2043 1901 ‘

271 1988 626 2053 Curantem
671 1986 992 2074 quidquid
1035 1986 1307 2072 dignum
1354 1988 1649 2072 sapiente
1691 1989 1993 2077 bonoque
2034 1993 2185 2056 est?

268 2095 415 2160 Non
457 2103 531 2158 tu
571 2116 806 2181 corpus
847 2115 994 2158 eras
1041 2095 1183 2158 sine
1225 2102 1522 2179 pectore3
1569 2093 1637 2156 di
1678 2096 1803 2160 tibi
1842 2097 2149 2181 formam,

266 2201 357 2266 Di
401 2201 527 2266 tibi
571 2200 838 2266 divitias
885 2199 1207 2264 dederunt
1248 2207 1583 2286 artemque
1626 2200 1909 2266 fruendi.

266 2307 446 2390 Quid
489 2316 730 2375 voveat
771 2306 948 2373 dulci
992 2305 1318 2372 nutricula
1350 2307 1561 2371 maius
1604 2305 1867 2373 alumno
1883 2358 1901 2392 ,

265 2414 398 2496 Qui
446 2438 676 2503 sapere
715 2425 780 2479 et
823 2414 954 2480 fari
996 2416 1204 2501 possit
1241 2435 1409 2499 quae
1457 2416 1726 2497 sentiat,
1774 2425 1839 2479 et
1880 2417 1985 2480 cui

267 2522 529 2603 Gratia,
579 2524 785 2603 fama,
831 2520 1142 2587 valetudo
1180 2521 1517 2604 contingat
1559 2520 1852 2605 abunde,

262 2628 353 2692 Et
394 2628 678 2693 mundus
719 2629 1107 2692 victus·non
1149 2624 1493 2689 deficiente
1536 2627 1893 2690 crumena?

261 2735 446 2799 Inter
489 2754 670 2821 spem
715 2752 1099 2818 curamque,
1139 2733 1403 2795 timores
1449 2731 1623 2794 inter
1665 2741 1731 2796 et
1772 2733 1907 2797 iras

261 2842 539 2905 Omnem
577 2839 770 2903 crede
815 2838 988 2902 diem
1028 2837 1152 2901 tibi
1198 2836 1519 2900 diluxisse
1564 2858 1967 2923 supremum:

261 2945 469 3009 Grata
513 2946 962 3033 superveniet,
1009 2962 1178 3030 quae
1215 2964 1348 3007 non
1389 2941 1760 3029 sperabitur
1806 2942 1987 3009 hora.

256 3049 364 3113 Me
403 3051 714 3137 pinguem
759 3061 825 3115 et
861 3050 1140 3115 nitidum
1181 3049 1350 3114 bene
1391 3056 1624 3113 curata
1664 3057 1812 3115 cute
1853 3050 2063 3135 vises,

262 3156 428 3220 Cum
472 3158 687 3223 ridere
723 3156 938 3241 voles,
981 3155 1255 3242 Epicuri
1305 3154 1388 3219 de
1424 3174 1625 3239 grege
1668 3176 1956 3240 porcum.

1065 3380 1137 3467 ‘R
1171 3408 1528 3472 EPISTOLA
1567 3404 1647 3469 V.

1042 3544 1161 3604 AD
1208 3544 1777 3623 TORQUATUM.

257 3690 326 3754 Si
370 3698 554 3777 potes
589 3686 932 3753 Archiacis
977 3692 1258 3756 conviva
1300 3693 1676 3758 recumbere
1720 3694 1937 3777 lectis,

252 3794 390 3859 Nec
432 3794 690 3859 modica
729 3814 1004 3858 coenare
1049 3797 1240 3861 times
1287 3796 1429 3861 olus
1473 3819 1661 3862 omne
1704 3801 1976 3885 patella,

253 3901 568 3986 Supremo
609 3907 674 3963 te
722 3898 858 3962 sole
901 3898 1108 3983 domi,
1153 3900 1516 3989 Torquate,
1562 3904 1859 3969 manche.

251 4006 426 4070 Vina
466 4005 656 4070 bibes
703 4004 941 4069 iterum
985 4004 1202 4071 Tauro
1247 4008 1487 4073 diffusa
1528 4010 1853 4095 palustres

248 4111 430 4175 Inter
471 4110 842 4175 Minturnas
887 4110 1483 4202 Sinuessanumque
1524 4116 1881 4180 Petrinum.

249 4218 367 4281 Sin
406 4216 639 4281 melius
679 4219 838 4303 quid
881 4217 1118 4299 habes,
1163 4240 1454 4303 arcesse,
1494 4220 1603 4285 vel
1636 4221 1979 4306 imperium
2016 4222 2145 4283 fer!

2646 423 2721 474 30

2640 955 2710 1006 35

2632 2531 2697 2581 10

2624 3062 2686 3111 15
