2919 4716
366 237 449 300 20
508 277 521 284 -
1292 249 1784 300 Errs‘romnmt

374 421 675 486 Caesaris
720 421 1007 506 Augusti
1052 442 1183 485 non
1226 443 1621 507 responsura
1664 420 1950 487 lacertis.

372 527 565 592 Unde
608 527 803 592 simul
842 528 1121 613 primum
1158 549 1260 592 me
1306 527 1612 593 dimisere
1653 527 1973 615 Philippi,

372 635 631 698 Decisis
678 632 989 700 humilem
1032 633 1261 722 pennis
1309 635 1698 722 inopemque
1740 634 1997 721 paterni

375 740 463 804 Et
502 740 693 804 Laris
728 749 793 805 et
829 739 1054 824 fundi,
1096 751 1448 830 paupertas
1491 741 1748 828 impulit
1789 743 2040 824 audax,

374 847 465 912 Ut
508 869 739 912 versus
782 846 1087 913 facerem.
1180 848 1339 932 Sed,
1388 847 1564 936 quod
1608 870 1740 912 non
1785 847 1989 931 desit,
2028 847 2376 912 habentem

376 953 563 1034 Quae
607 962 912 1041 poterunt
952 975 1239 1042 unquam
1287 956 1443 1020 satis
1485 977 1851 1042 expurgare
1896 955 2180 1039 cicutae,

373 1061 458 1125 Ni
505 1061 737 1126 melius
784 1060 1063 1126 dormire
1099 1071 1319 1148 putem
1366 1083 1561 1149 quam
1605 1061 1894 1126 scribere
1937 1061 2214 1125 versus?

373 1275 648 1360 Singula
692 1274 773 1338 de
808 1272 999 1340 nobis
1039 1275 1196 1339 anni
1238 1274 1642 1360 praedantur
1689 1285 1952 1340 euntes:

374 1381 691 1468 Eripuere
733 1381 911 1446 iocos
925 1429 943 1462 ,
982 1401 1322 1463 venerem,
1368 1381 1706 1462 convivia,
1753 1380 2012 1464 ludum3

376 1487 682 1552 Tendunt
721 1493 1107 1572 extorquere
1141 1497 1463 1575 poemata.
1555 1486 1731 1567 Quid
1772 1488 2010 1553 faciam
2045 1486 2147 1550 vis

372 1593 727 1680 Denique?
771 1615 902 1657 non
948 1616 1181 1684 omnes·
1215 1595 1444 1660 eadem
1489 1594 1808 1658 mirantur
1851 1602 2232 1680 amantque,

377 1701 685 1766 Carmine
726 1707 797 1762 tu
840 1700 1123 1785 gaudes,
1168 1702 1275 1766 hic
1314 1702 1675 1767 delectatur
1717 1699 1984 1781 iambis,

373 1807 497 1871 Ille
534 1805 803 1872 Bioneis
846 1805 1254 1872 sermonibus
1300 1815 1367 1871 et
1404 1807 1542 1872 sale
1580 1809 1791 1892 nigro,

376 1911 539 1976 Tres
582 1911 743 1976 mihi
792 1915 1111 1980 convivae
1151 1936 1353 2001 prope
1400 1912 1748 1977 dissentire
1793 1913 2128 1993 videntur,

382 2019 729 2084 Poscentes
775 2022 961 2086 vario
998 2019 1269 2084 multum
1316 2018 1584 2084 diversa
1623 2019 1862 2106 palato,

376 2124 554 2205 Quid
593 2125 788 2190 dem?
829 2127 989 2214 quid
1032 2149 1165 2191 non
1202 2125 1397 2190 dem?
1436 2125 1688 2189 Renuis
1733 2135 1835 2209 tu,
1876 2124 2044 2213 quod
2092 2124 2279 2188 iubet
2320 2121 2526 2202 alter3

378 2232 572 2313 Quod
613 2233 813 2318 petis,
860 2233 929 2298 id
974 2255 1131 2297 sane
1174 2241 1274 2296 est
1316 2232 1603 2296 invisum
1648 2231 2035 2317 acidumque
2080 2230 2357 2294 duobus.

378 2446 647 2510 Praeter
691 2453 937 2527 cetera,
984 2469 1085 2510 me
1128 2446 1457 2512 Romaene
1496 2456 1798 2534 poemata
1839 2466 2066 2510 censes

382 2554 683 2619 Scribere
724 2573 917 2638 posse
956 2552 1129 2615 inter
1162 2560 1258 2617 tot
1300 2574 1490 2617 curas
1535 2562 1758 2640 totque
1792 2549 2100 2617 labores‘?

378 2660 508 2725 Hic
553 2678 861 2747 sponsum
906 2665 1131 2739 vocat,
1176 2659 1283 2723 hic
1328 2658 1621 2723 auditum
1667 2660 1910 2744 scripta
1955 2655 2200 2721 relictis

381 2765 703 2831 Omnibus
748 2760 1020 2844 officiis3
1066 2762 1262 2827 cubat
1298 2764 1411 2829 hic
1449 2766 1518 2828 in
1558 2764 1725 2829 colle
1765 2764 2060 2847 Quirini,

380 2872 508 2936 Hic
554 2879 846 2935 extremo
890 2870 960 2933 in
1003 2868 1365 2954 AventinO,
1412 2871 1726 2937 visendus
1770 2880 2065 2960 uterque.

380 2976 741 3045 Intervalla
780 2974 968 3040 vides
1006 2975 1285 3039 humane
1325 2977 1683 3043 commoda.
1772 2978 2016 3043 Verum

379 3088 593 3151 Purae
632 3091 784 3149 sunt
824 3083 1115 3170 plateae,
1160 3080 1323 3146 nihil
1368 3091 1440 3145 ut
1481 3083 1948 3150 meditantibus
1995 3081 2253 3147 obstet?

380 3191 678 3256 Festinat
719 3189 970 3255 calidus
1007 3186 1201 3252 mulis
1236 3187 1612 3276 gerulisque
1657 3191 1982 3256 redemtor
2002 3241 2019 3274 ,

380 3297 673 3386 Torquet
711 3319 887 3361 nunc
932 3295 1215 3381 lapidem
1256 3317 1431 3359 nunc
1474 3296 1708 3382 ingens
1752 3297 2054 3362 machina
2098 3298 2387 3381 tignum,

381 3403 629 3467 Tristia
671 3400 957 3467 robustis
993 3400 1322 3466 luctantur
1365 3401 1596 3466 funera
1642 3401 1950 3488 plaustris
1965 3452 1982 3485 ,

382 3509 528 3573 Hac
571 3508 835 3573 rabiosa
877 3507 1049 3593 fugit
1093 3507 1309 3587 canis,
1355 3505 1482 3572 hac
1523 3507 1846 3573 lutulenta
1893 3510 2021 3574 ruit
2065 3531 2195 3573 sus.

384 3618 420 3681 I
458 3637 635 3681 nunc
676 3622 741 3679 et
777 3634 1006 3678 versus
1050 3620 1265 3677 tecum
1309 3613 1630 3678 meditare
1677 3616 1984 3681 canoros!

384 3710 785 3807 Scriptorum
824 3718 1059 3783 chorus
1110 3718 1315 3783 omnis
1362 3726 1539 3783 amat
1582 3741 1810 3787 nemus
1857 3730 1920 3786 et
1966 3722 2138 3807 fugit
2179 3721 2412 3800 urbeS‚

382 3828 533 3892 Rite
579 3827 783 3891 cliens
830 3824 1075 3891 Bacchi
1120 3845 1347 3889 somno
1388 3824 1738 3909 gaudentis
1773 3820 1839 3889 et
1875 3828 2138 3911 umbra3

382 3935 485 3998 Tu
528 3956 629 3998 me
671 3934 842 3997 inter
886 3930 1193 4016 strepitus
1239 3938 1590 3995 nocturnos
1634 3940 1827 4019 atque
1865 3932 2136 3999 diurnos

383 4038 501 4103 Vis
541 4060 774 4103 canere
820 4045 883 4102 et
929 4047 1259 4105 contracta
1307 4040 1492 4125 sequi
1539 4040 1824 4125 vestigia
1865 4049 2084 4104 vatum
2101 4040 2134 4101 ‘R

389 4244 769 4327 Ingenium,
818 4245 942 4309 sibi
986 4246 1158 4329 quod
1202 4268 1443 4311 vacuas
1488 4248 1804 4313 desumsit
1843 4250 2138 4353 Athenas

2717 1274 2757 1322 55

2722 1809 2760 1856 (ὶο
