2919 4716
264 258 347 318 52
825 296 833 303 -
1192 266 1688 316 EPISTOLARUM

266 437 599 502 Caedibus
645 446 711 502 et
751 437 929 500 victu
970 436 1162 501 foedo
1212 437 1528 502 deterruit
1563 437 1882 524 Orpheus.

264 545 501 608 Dictus
544 543 629 606 ob
673 543 793 608 hoc
836 541 1041 606 lenire
1073 544 1281 628 tigres
1325 543 1722 630 rabidosque
1765 544 1986 610 leones
2002 593 2021 627 ,

268 650 507 714 Dictus
552 658 617 712 et
657 648 1023 736 Amphion,
1067 649 1421 714 Thebanae
1458 649 1758 714 conditor
1801 651 2024 732 urbiS,

270 755 447 820 Saxa
482 777 745 820 movere
784 777 943 820 sono
986 756 1337 820 testudinis
1382 764 1447 820 et
1491 779 1682 843 prece
1729 754 1976 820 blanda
2219 823 2224 826 .

270 859 561 943 Ducere,
600 883 727 947 quo
771 858 989 925 vellet.
1078 860 1235 926 Fuit
1277 861 1436 926 haec
1475 864 1800 948 sapientia
1839 862 2196 950 quondam,

268 967 544 1032 Publica
586 968 861 1054 privatis
906 989 1277 1050 secernere,
1324 990 1512 1033 sacra
1553 970 1881 1056 profanis,

272 1073 642 1139 Concubitu
684 1072 1031 1161 prohibere
1075 1094 1279 1158 vago,
1328 1073 1480 1138 dare
1525 1075 1672 1140 iura
1711 1075 1997 1155 maritis,

270 1180 533 1267 Oppida
576 1180 819 1262 moliri,
862 1179 1041 1263 leges
1084 1179 1375 1245 incidere
1420 1180 1622 1264 ligno.

270 1285 380 1350 Sic
420 1286 627 1352 honor
672 1295 735 1351 et
780 1306 1019 1350 nomen
1064 1285 1307 1352 divinis
1350 1287 1614 1352 vatibus
1659 1296 1854 1371 atque

174 1385 183 1396 ’
274 1393 691 1458 Carminibus
735 1393 936 1459 venit.
1016 1392 1173 1456 Post
1209 1393 1329 1478 hos
1373 1393 1652 1478 insignis
1694 1392 2049 1474 HomeruS,

271 1501 725 1588 Tyrtaeusque
767 1521 979 1564 mares
1024 1504 1277 1568 animos
1319 1502 1389 1564 in
1429 1501 1674 1566 Martia
1705 1497 1884 1562 bella

272 1604 591 1670 Versibus
635 1608 929 1688 exacuit3
978 1607 1193 1672 dietae
1236 1629 1353 1694 per
1392 1607 1686 1672 carmina
1729 1615 1970 1689 sortes,

272 1712 363 1776 Et
396 1715 575 1777 vitae
618 1718 979 1776 monstrata
1020 1714 1132 1778 via
1174 1723 1273 1778 est
1288 1761 1309 1794 ‚
1355 1721 1419 1778 et
1461 1713 1676 1798 gratia
1709 1733 1937 1797 regum

276 1819 510 1883 Pieriis
557 1826 809 1882 tentata
851 1818 1097 1900 modis,
1144 1818 1466 1908 ludusque
1511 1827 1842 1905 repertus,

276 1925 365 1988 Et
405 1924 747 2010 longorum
790 1947 1057 2012 operum
1102 1924 1280 1990 finis:
1316 1963 1396 1972 —
1436 1947 1519 1989 ne
1563 1925 1730 1991 forte
1766 1923 2004 2011 pudori

277 2032 377 2096 Sit
412 2031 535 2096 tibi
576 2031 767 2095 Musa
808 2030 993 2117 lyrae
1040 2031 1267 2096 sollers
1312 2041 1379 2096 et
1422 2040 1652 2098 cantor
1691 2028 1962 2117 Apollo!

276 2243 529 2308 Natura
562 2241 749 2306 fieret
774 2241 1129 2307 -laudabile
1174 2263 1472 2325 carmen,
1518 2263 1604 2306 an
1647 2249 1819 2322 arte,

276 2348 663 2429 Quaesitum
709 2356 827 2411 est.
886 2347 1063 2434 ·Ego
1108 2370 1229 2413 nec
1274 2348 1564 2415 studium
1605 2350 1748 2413 sine
1789 2346 1998 2413 divite
2044 2367 2242 2428 vena,

278 2456 417 2519 Nec
459 2456 623 2519 rude
664 2455 821 2540 quid
869 2456 1077 2541 possit
1120 2455 1315 2519 video
1360 2457 1732 2541 ingenium3
1777 2456 2044 2519 alterius
2085 2455 2176 2517 sic

277 2563 508 2627 Altera
543 2562 757 2648 poscit
795 2582 983 2645 opem
1026 2584 1130 2625 res
1174 2570 1239 2625 et
1282 2564 1583 2628 coniurat
1627 2565 1853 2629 amice.

279 2773 412 2853 Qui
453 2772 673 2835 studet
710 2779 997 2857 optatam
1044 2793 1241 2836 cursu
1284 2775 1662 2859 contingere
1705 2784 1940 2839 metam
1963 2822 1982 2856 ,

280 2879 487 2943 Multa
528 2876 680 2941 tulit
722 2878 1007 2964 fecitque
1026 2900 1245 2965 ,puer,
1299 2880 1564 2944 sudavit
1607 2890 1672 2945 et
1715 2881 1905 2963 alsit,

279 2985 624 3050 Abstinuit
669 3004 907 3047 venere
952 2995 1017 3051 et
1060 2988 1253 3068 vin03
1298 2987 1412 3072 qui
1457 2986 1700 3071 Pythia
1743 2994 1966 3049 cantat

279 3092 585 3174 Tibicen,
632 3092 865 3158 didicit
904 3093 1083 3178 prius
1126 3092 1561 3177 extimuitque
1599 3093 2007 3175 magistrum.

279 3199 418 3262 Nec
458 3200 617 3263 satis
662 3206 763 3263 est
802 3198 1085 3263 dixisse:
1156 3218 1330 3281 „ego
1378 3198 1544 3261 mira
1586 3206 1888 3285 poemata
1930 3219 2182 3285 pango3

279 3304 620 3392 „Occupet
660 3313 1021 3369 extremum
1069 3301 1357 3369 scabies!
1402 3302 1563 3367 mihi
1606 3312 1796 3389 turpe
1837 3302 2120 3387 relinqui
2165 3307 2268 3362 est

280 3459 320 3493 „
339 3410 459 3493 Et,
504 3410 677 3497 quod
724 3432 849 3474 non
898 3410 1100 3474 didici
1144 3431 1335 3490 sane,
1383 3409 1640 3472 nescire
1687 3407 1947 3473 fateri.“

279 3516 371 3579 Ut
406 3538 671 3602 praece,
712 3516 797 3579 ad
840 3538 1087 3581 merces
1133 3514 1392 3579 turbam
1438 3514 1552 3599 qui
1594 3515 1772 3597 cogit
1828 3514 2170 3596 emendaS,

279 3623 743 3687 Assentatores
789 3623 971 3687 iubet
1014 3621 1099 3686 ad
1146 3619 1400 3684 lucrum
1444 3621 1542 3683 ire
1585 3630 1780 3711 poeta

282 3727 493 3790 Dives
534 3730 749 3812 agris,
796 3728 982 3795 dives
1028 3727 1261 3813 positis
1306 3727 1375 3790 in
1417 3726 1686 3793 foenore
1729 3731 2043 3811 nummis3

280 3835 351 3899 Si
396 3856 549 3898 vero
595 3842 727 3917 est,
769 3843 1039 3899 unctum
1083 3834 1198 3921 qui
1240 3840 1416 3897 reete
1467 3854 1710 3919 ponere
1752 3837 1962 3920 possit

283 3942 372 4004 E't
417 3939 738 4027 spondere
782 3939 915 4005 levi
954 3965 1069 4028 pro
1112 3960 1399 4029 paupere
1443 3947 1508 4002 et
1553 3942 1808 4026 eripere
1848 3941 2011 4004 atris

282 4046 541 4111 Litibus
584 4048 1001 4132 implicitum,
1046 4047 1365 4131 mirabor,
1412 4050 1470 4113 si
1509 4050 1674 4113 sciet
1712 4049 1908 4113 inter-

281 4154 567 4217 Noseere
612 4152 990 4217 mendaeem
1033 4174 1391 4240 verumque
1430 4154 1662 4218 beatus
1707 4155 2006 4217 amicum.

282 4258 386 4322 Tu
430 4280 545 4323 seu
590 4260 853 4323 donaris
890 4280 1005 4321 seu
1048 4257 1208 4344 quid
1252 4258 1496 4323 donare
1540 4258 1722 4325 voles
1767 4261 1908 4341 cui,

2607 766 2697 816 395

2623 1824 2709 1874 405

2581 2484 2588 2488 ·
2627 2462 2714 2513 410

2629 3105 2716 3156 415

2627 3628 2714 3680 420

2626 4155 2712 4207 425
