2919 4716
262 231 344 293 28
1193 244 1685 293 EPISTOLARUM

267 414 434 479 Utar
475 423 539 480 et
583 436 668 478 ex
707 414 998 498 modico,
1043 424 1359 503 quantum
1401 438 1508 481 res
1546 424 1809 503 poscet,
1850 438 2087 484 acervo

262 521 556 603 Tollam,
598 540 717 583 nec
757 526 1076 605 metuam,
1119 522 1279 609 quid
1322 521 1402 587 de
1446 546 1550 588 me
1594 523 1843 588 iudicet
1883 525 2105 609 heres,

265 627 459 707 Quod
499 648 632 691 non
675 626 864 713 plura
909 628 1082 693 datis
1125 630 1485 713 invenerit3
1532 639 1596 695 et
1640 638 1861 697 tamen
1908 633 2081 698 idem

264 736 444 799 Scire
492 736 742 821 volam,
779 746 1090 824 quantum
1137 736 1418 824 simplex
1459 736 1817 824 hilarisque
1860 742 2081 828 nepoti

261 843 613 931 Discrepet
654 853 719 909 et
761 855 1074 933 quantum
1119 844 1446 909 discordet
1486 866 1722 931 parcus
1760 867 1987 911 avaro·

262 948 484 1039 Distat
521 952 723 1035 enim,
769 974 1042 1039 spargas
1081 960 1193 1017 tua
1233 952 1582 1037 prodiguS,
1628 974 1712 1015 an
1757 976 1969 1041 neque
2014 963 2298 1019 sumtum

263 1056 520 1121 Invitus
564 1057 772 1123 facias
811 1080 1022 1147 neque
1074 1058 1264 1145 plura
1307 1080 1539 1145 parare
1583 1057 1873 1143 labores,

261 1162 364 1227 Ac
409 1166 623 1251 potius
635 1213 654 1246 ,
699 1186 862 1253 puer
903 1174 973 1228 ut
1021 1165 1209 1229 festis
1253 1162 1773 1250 Quinquatribus
1819 1166 2006 1250 olim,

261 1266 526 1354 Eiiguo
561 1280 876 1357 gratoque
911 1270 1151 1335 fruaris
1197 1279 1483 1357 tempore
1527 1274 1788 1359 raptim.

260 1378 618 1463 Pauperies
661 1378 996 1441 immunda
1039 1375 1297 1464 procul,
1345 1376 1573 1463 procul
1616 1378 1819 1443 absit:
1866 1403 2021 1465 ego,
2066 1389 2283 1445 utrum

261 1483 448 1549 Nave
490 1484 664 1549 ferar
706 1505 948 1570 magna
985 1505 1068 1547 an
1113 1504 1351 1569 parva,
1385 1482 1563 1547 ferar
1606 1506 1777 1549 unus
1822 1496 1885 1549 et
1928 1486 2121 1551 idem.

261 1590 410 1655 Non
451 1592 707 1674 agimur
749 1590 1016 1655 tumidis
1062 1588 1225 1653 velis
1269 1590 1597 1677 Aquilone
1643 1593 1959 1658 secundo:

224 1700 228 1703 ’
261 1696 410 1761 Non
451 1704 670 1761 tamen
706 1696 1000 1761 adversis
1027 1703 1323 1778 *aetatem
1366 1696 1665 1761 ducimus
1710 1698 2007 1784 Austri8‚

260 1804 568 1887 Viribus,
616 1802 914 1889 ingenio,
963 1802 1213 1889 specie,
1261 1802 1537 1885 virtute,
1576 1802 1749 1887 loco,
1786 1828 1857 1870 re

259 1910 560 1975 Extremi
604 1910 956 1998 primorum
975 1956 992 1989 ,
1040 1908 1348 1977 extremis
1391 1931 1601 1997 usque
1638 1911 1911 1996 priores.

259 2122 408 2189 Non
445 2145 516 2188 es
559 2144 834 2188 avarus:
880 2121 1010 2185 abi.
1083 2118 1260 2201 Quid
1305 2128 1557 2205 cetera,
1602 2124 1731 2187 iam
1772 2124 1965 2191 simul
2006 2125 2131 2190 isto

263 2231 430 2296 Cum
459 2230 621 2295 vitio
661 2230 941 2316 fugere?
990 2226 1186 2292 Caret
1224 2227 1348 2292 tibi
1389 2237 1618 2315 pectus
1664 2231 1847 2295 inani

257 2336 687 2404 Ambitione?
732 2344 914 2403 caret
949 2336 1176 2400 mortis
1214 2334 1565 2401 formidine
1611 2345 1676 2402 et
1716 2340 1860 2404 ira?
1968 2348 1973 2353 “

261 2446 553 2528 Somnia,
600 2455 881 2509 terrores
927 2445 1249 2530 magicos,
1297 2446 1644 2529 miracula,
1694 2469 1923 2532 sagas,

257 2551 626 2616 Nocturnos
671 2553 948 2616 lemures
984 2543 1412 2638 portentaque
1457 2551 1777 2641 Thessala
1818 2555 2043 2621 rides?

259 2657 529 2721 Natales
572 2667 756 2743 grate
799 2656 1152 2721 numeras?
1197 2658 1483 2742 ignoscis
1529 2660 1803 2723 amicis?

258 2765 500 2829 Lenior
547 2772 611 2829 et
654 2762 884 2828 melior
929 2761 1005 2826 fis
1031 2762 1402 2828 'accedente
1451 2767 1763 2832 senecta?

260 2872 438 2953 Quid
479 2880 544 2937 te
590 2877 850 2935 exemta
890 2868 1068 2932 levat
1110 2866 1316 2954 spinis
1364 2869 1444 2934 de
1481 2872 1781 2957 pluribus
1824 2873 2003 2936 una?

255 2979 498 3044 Vivere
542 2979 596 3044 si
634 2985 812 3042 recte
853 2974 1101 3057 nescis,
1148 2973 1392 3040 decede
1435 2979 1688 3064 peritis.

257 3085 507 3151 Lusisti
554 3086 748 3167 satiS,
791 3083 984 3148 edisti
1030 3082 1188 3146 satis
1231 3088 1424 3168 atque
1466 3083 1724 3148 bibisti:

259 3194 541 3281 Tempus
589 3193 770 3257 abire
813 3191 935 3255 tibi
982 3197 1113 3272 est,
1157 3211 1238 3252 ne
1281 3197 1509 3274 potum
1558 3189 1808 3276 largius
1853 3215 2061 3280 aequo

258 3301 499 3366 Rideat
543 3307 606 3365 et
647 3295 863 3386 pulset
905 3296 1156 3361 lasciva
1197 3294 1535 3360 decentius
1580 3305 1784 3361 aetaS.

1163 3515 1522 3582 EP1s‘roLA
1562 3513 1691 3580 III.

1065 3694 1206 3754 AD
1251 3693 1770 3758 PISONES.

671 3855 868 3923 [Vulgo
912 3855 1138 3938 121an
1187 3855 1287 3905 DE
1334 3855 1531 3905 ARTE
1580 3857 1899 3908 PoE'rch
1951 3856 2178 3927 dictum]

254 4025 560 4092 Humano
597 4026 794 4111 capiti
839 4024 1160 4090 cervicem
1205 4023 1414 4109 pictor
1459 4023 1763 4110 equinam

255 4133 535 4218 Iungere
579 4131 635 4194 si
676 4129 868 4213 velit,
911 4138 974 4194 et
1017 4129 1234 4194 varias
1279 4128 1589 4195 inducere
1627 4129 1885 4216 plumas

257 4235 564 4319 Undique
607 4233 860 4298 collatis
904 4233 1211 4298 membris
1225 4283 1244 4317 ,
1286 4241 1360 4298 ut
1403 4236 1675 4320 turpiter
1708 4244 1917 4301 atrum

2636 439 2737 488 190

2642 959 2734 1007 195

2630 2136 2731 2185 205

2622 2667 2725 2716 210
