2919 4716
43 2943 50 3478 ffl-n--w-v--—--,-.-
44 2913 46 2916 v
44 2739 62 2874 '“-7·
44 2625 46 2672 -
44 2511 46 2534 -
44 2433 50 2442 .

44 4077 52 4114 --
44 3902 64 4058 -*..—-—=.÷-
44 3857 51 3880 n·
44 3707 54 3844 —a—-vm

281 202 363 263 40
1081 218 1086 225 ·
1195 208 1689 257 nmsrouenu

281 382 559 470 Segnius
605 381 866 445 irritant
905 378 1156 443 animos
1201 378 1491 443 demissa
1520 387 1650 465 'per
1694 400 1951 459 aurem,

281 488 494 569 Quam
537 508 703 572 quae
745 493 898 549 sunt
935 484 1142 549 oculis
1182 483 1483 549 subiecta
1520 483 1823 547 fidelibus
1868 494 1933 548 et
1976 507 2144 571 quae

283 598 436 684 Ipse
481 594 610 660 sibi
651 591 852 659 tradit
897 596 1242 677 spectator.
1301 587 1450 655 Non
1492 598 1711 653 tamen
1748 592 1923 655 intus

283 704 509 787 Digna
553 699 698 787 geri
739 720 1002 786 promes
1046 698 1113 760 in
1159 716 1452 779 scenam,
1490 696 1826 783 multaque
1864 696 2053 761 tolles

283 811 392 878 Ex
436 808 678 889 oculis,
722 826 890 891 quae
927 826 1079 867 mox
1121 809 1342 865 narret
1389 802 1703 867 facundia
1746 826 2077 889 praesens,

283 918 384 983 Ne
431 936 666 1005 pueros
711 932 928 977 coram
965 911 1204 997 populo
1247 909 1483 976 Medea
1527 910 1841 992 trucidet,

284 1025 421 1091 Aut
465 1023 748 1087 humana
791 1018 1008 1103 palam
1050 1024 1286 1102 coquat
1323 1026 1477 1079 exta
1521 1016 1813 1081 nefarius
1856 1018 2129 1097 AtreuS,

287 1130 424 1195 Aut
463 1131 530 1192 in
579 1148 768 1191 avem
806 1123 1056 1189 Procne
1101 1130 1424 1205 vertatur,
1473 1122 1761 1189 Cadmus
1801 1125 1871 1187 in
1910 1144 2213 1207 anguem.

287 1234 740 1317 Quodcunque
787 1229 1076 1295 ostendis
1119 1228 1276 1293 mihi
1323 1230 1418 1292 sic
1433 1279 1452 1312 ,
1499 1229 1872 1295 incredulus
1913 1229 2041 1294 odi.

287 1446 472 1513 Neve
517 1444 728 1508 minor
771 1464 898 1507 neu
935 1442 1021 1505 sit
1069 1440 1294 1525 quinto
1337 1437 1717 1527 productior
1760 1450 1909 1506 actu

287 1551 572 1631 Fabula,
619 1570 788 1636 quae
834 1548 1016 1636 posci
1061 1546 1206 1651 vult
1249 1556 1316 1610 et
1359 1555 1656 1633 spectata
1696 1548 1955 1634 reponi-3

289 1658 428 1721 Nec
468 1656 630 1719 deus
679 1653 963 1732 intersit,
1015 1652 1145 1715 nisi
1183 1651 1422 1735 dignus
1459 1652 1723 1717 vindice
1764 1653 1973 1717 nodus

289 1762 636 1842 Inciderit3
681 1780 803 1833 nec
849 1764 1084 1843 quarta
1129 1755 1306 1840 loqui
1347 1778 1634 1842 persona
1675 1756 1945 1823 laboret.

289 1974 550 2043 Actoris
597 1982 824 2059 partes·
861 1968 1094 2056 chorus
1140 1966 1559 2054 officiumque
1600 1969 1799 2033 virile

290 2081 660 2162 Defendat,
701 2099 829 2143 neu
871 2076 1028 2163 quid
1071 2074 1320 2139 medios
1365 2073 1716 2139 intercinat
1754 2086 1972 2159 aetuS,

292 2188 482 2271 Quod
524 2208 654 2251 non
696 2184 1028 2270 proposito
1073 2180 1398 2245 conducat
1441 2188 1507 2242 et
1550 2181 1819 2247 haereat
1860 2192 2031 2270 apte.
2065 2190 2077 2207 ⁸
2186 2232 2193 2243 .

292 2293 412 2360 Ille
453 2292 643 2357 bonis
690 2290 1038 2376 faveatque
1083 2295 1148 2351 et
1192 2283 1577 2351 consilietur
1618 2290 1859 2372 amice,

293 2395 379 2458 Et
423 2403 610 2478 regat
649 2395 850 2461 iratos
893 2405 958 2458 et
999 2401 1174 2458 amet
1215 2413 1451 2478 pacare
1495 2395 1829 2478 timentes3

290 2499 412 2583 Ille
458 2500 660 2585 dapes
705 2501 928 2566 laudet
971 2521 1238 2564 mensae
1279 2488 1535 2581 brevis,
1579 2499 1689 2564 ille
1734 2503 2065 2568 salubrem
2112 2530 2119 2538 ·

290 2607 620 2672 Iustitiam
661 2606 973 2691 legesque
1015 2613 1080 2670 et
1123 2607 1367 2691 apertis
1415 2607 1549 2669 otia
1594 2609 1832 2692 portis3

291 2713 412 2777 Ille
457 2719 638 2796 tegat
679 2707 1059 2793 commis'sa,
1106 2710 1394 2798 deosque
1437 2722 1739 2798 precetur
1784 2723 1848 2778 et
1894 2725 2061 2797 oret,

293 2818 385 2883 Ut
421 2811 648 2880 redeat
684 2816 974 2896 miseris,
1018 2815 1214 2882 abeat
1257 2817 1551 2882 Fortuna
1596 2820 1915 2907 superbis,
1967 2904 1970 2906 ,

291 3029 486 3094 Tibia
530 3052 690 3112 non,
731 3035 804 3092 ut
853 3048 1060 3110 nunc,
1107 3027 1433 3092 orichalco
1472 3031 1695 3095 vincta
1738 3035 2061 3122 tubaeque

291 3137 601 3220 Aemula,
645 3135 760 3200 sed
804 3136 1022 3200 tenuis
1069 3133 1477 3220 simplexque
1516 3135 1837 3206 foramine
1872 3163 2079 3228 pauco
2134 3173 2139 3176 ·

291 3242 652 3328 Adspirate
699 3250 764 3304 et
808 3239 1300 3323 adessechoris
1335 3251 1487 3318 ‚erat
1530 3245 1741 3327 utilis,
1780 3255 1979 3332 'atque

292 3347 597 3412 Nondum
641 3346 855 3433 spissa
900 3347 1094 3410 nimis
1139 3349 1463 3436 complere
1508 3349 1741 3418 sedilia
1786 3351 1979 3434 flatu3

293 3453 438 3534 Quo
485 3475 640 3518 sane
680 3451 960 3540 populus
999 3454 1455 3538 numerabilis,
1499 3463 1723 3541 utpote
1764 3481 2009 3544 parvus
2023 3509 2039 3541 ,

293 3559 382 3624 Et
425 3559 600 3643 frugi
645 3567 1000 3647 castusque
1039 3561 1578 3647 verecundusque
1620 3563 1857 3630 coibat.

295 3665 648 3752 Postquam
694 3667 907 3750 coepit
948 3688 1156 3750 agros·
1187 3666 1541 3731 extendere
1589 3670 1830 3754 victor,
1878 3681 1943 3736 et
1984 3673 2206 3738 urbem

292 3771 519 3837 Latior
563 3772 868 3860 amplecti
913 3796 1138 3859 murus
1153 3824 1171 3857 ‚
1216 3774 1501 3862 vinoque
1545 3776 1777 3858 diurno

292 3879 548 3944 Placari
592 3880 840 3945 Genius
883 3879 1068 3943 festis
1113 3882 1378 3967 impune
1419 3881 1686 3966 diebus3

291 3985 593 4048 Accessit
633 3988 1052 4072 numerisque
1098 3987 1436 4074 modisque
1482 3990 1748 4056 licentia
1790 3995 2019 4058 maior.

292 4089 604 4152 Indoctus
651 4083 810 4175 quid
849 4095 1022 4156 enim
1062 4104 1322 4181 saperet
1363 4096 1659 4181 liberque
1704 4099 1997 4163 laborum

295 4193 607 4254 Rusticus
652 4195 904 4258 urbano
951 4198 1290 4279 confusus,
1337 4203 1545 4285 turpis
1587 4201 1908 4266 honesto?

2672 388 2789 441 180

2674 923 2775 975 185

2621 1562 2631 1569 “
2664 1557 2768 1608 190

2659 2196 2753 2246 195

2644 2731 2825 2820 200!

2640 3369 2731 3418 205

2643 3907 2736 3956 210
