2919 4716
278 243 361 307 26
1196 258 1694 306 Esis‘rommm

282 426 669 510 Stultitiam3
714 437 807 510 ct,
843 451 987 494 cum
1030 429 1123 493 sis
1165 427 1374 493 nihilo
1410 429 1796 517 sapientior,
1844 450 1930 492 ex
1973 451 2100 516 quo

282 534 547 598 Plenior
584 558 683 617 es,
724 545 941 599 tamen
988 537 1189 600 uteris
1232 530 1664 599 monitoribus
1709 533 1966 597 isdem?

280 640 371 705 At
408 643 461 704 si
504 642 777 706 divitiae
820 643 1203 729 prudentem
1246 639 1522 705 reddere
1563 648 1861 724 possent,

280 748 351 812 Si
396 748 703 834 cupidum
745 749 1172 836 timidumque
1212 746 1429 812 minus
1473 752 1572 826 te,
1614 769 1850 835 nempe
1893 745 2162 812 ruberes
2177 795 2198 829 ,

154 872 161 877 ·
280 855 551 919 Viveret
594 855 663 917 in
696 855 887 919 terris
931 863 997 920 tc
1034 856 1091 919 si
1134 855 1281 942 quis
1322 851 1584 918 avarior
1623 875 1776 918 uno.

280 961 350 1024 Si
390 963 719 1048 proprium
756 970 885 1045 est,
930 961 1105 1050 quod
1148 961 1297 1049 quis
1340 959 1512 1024 libra
1556 967 1882 1024 mereatur
1917 969 1982 1026 et
2023 982 2210 1043 aere,
2303 992 2312 998 ·

279 1067 652 1151 Quaedam,
700 1068 756 1131 si
790 1069 1005 1132 credis
1036 1066 1379 1150 consultis,
1426 1066 1756 1152 mancipat
1799 1087 1989 1148 usuS,

280 1173 411 1254 Qui
450 1183 515 1238 te
558 1175 771 1262 pascit
802 1195 991 1260 ager,
1035 1183 1187 1239 tuus
1231 1183 1359 1257 est,
1402 1182 1468 1238 et
1507 1171 1770 1236 villicus
1813 1171 2004 1252 Orbi,

282 1281 447 1346 Cum
484 1289 739 1366 segetes
773 1291 957 1346 occat
1000 1281 1121 1346 tibi
1164 1303 1317 1346 mox
1348 1281 1680 1344 frumenta
1725 1279 2022 1359 daturae,

279 1387 375 1450 Te
420 1387 751 1452 dominum
794 1389 1009 1453 sentit.
1098 1389 1239 1452 Das
1280 1408 1610 1468 nummos,
1655 1385 1900 1470 accipis
1949 1405 2173 1466 uvam,

276 1493 536 1577 Pullos,
580 1515 705 1558 ova
718 1513 753 1576 ,·
782 1495 1015 1558 cadum
1056 1497 1311 1558 temeti:
1357 1514 1590 1579 nempe
1631 1491 1824 1555 modo
1863 1493 1986 1555 isto

277 1599 601 1664 Paulatim
644 1599 955 1664 mercaris
996 1621 1254 1685 agrum,
1300 1600 1580 1666 fortasse
1623 1598 1932 1662 trecentis

276 1705 414 1768 Aut
456 1696 651 1770 etiam
697 1727 895 1792 supra
936 1727 1343 1771 nummorum
1388 1705 1680 1770 millibus
1721 1713 1986 1769 emtum.

277 1811 455 1891 Quid
490 1811 721 1894 refert,
768 1812 963 1877 vivas
1008 1823 1344 1880 numerato
1385 1835 1594 1902 nuper
1637 1833 1722 1875 an
1765 1809 1966 1874 olim?

275 1915 503 1981 Emtor
545 1917 801 1983 Aricini
844 1917 1173 2004 quondam
1218 1919 1512 1985 Veientis
1557 1929 1622 1984 et
1661 1918 1804 1983 arvi

278 2024 537 2088 Emtum
584 2033 817 2090 coenat
858 2024 1034 2108 olus,
1082 2028 1381 2113 quamvis
1423 2027 1614 2092 aliter
1647 2031 1866 2111 putat3
1907 2024 2096 2086 emtis

276 2130 411 2195 Sub
463 2139 718 2196 noctem
761 2130 1047 2215 gelidam
1092 2133 1291 2218 lignis
1338 2133 1689 2198 calefactat
1733 2131 2042 2212 ahenum3

276 2236 407 2302 Sed
449 2246 641 2302 vocat
680 2259 887 2324 usque
932 2259 1147 2320 suum,
1195 2262 1325 2326 qua
1363 2239 1642 2326 populus
1689 2239 1906 2302 adsita
1951 2237 2146 2300 certis

273 2343 626 2409 Limitibus
662 2344 885 2408 vicina
928 2343 1175 2430 refugit
1216 2346 1466 2430 iurgia3
1509 2353 1819 2436 tanquam

275 2451 374 2515 Sit
414 2451 749 2538 proprium
791 2450 1181 2537 quidquam,
1227 2462 1469 2539 puncto
1507 2450 1682 2538 quod
1725 2447 1987 2513 mobilis
2028 2448 2224 2512 horae

274 2556 464 2621 Nunc
509 2579 729 2643 prece,
774 2579 949 2621 nunc
991 2560 1233 2645 pretio,
1278 2579 1453 2622 nunc
1501 2558 1598 2639 vi,
1643 2578 1818 2621 nunc
1855 2563 2060 2621 morte
2103 2576 2411 2642 suprema

274 2662 607 2725 Permutet
652 2662 947 2727 dominos
985 2675 1051 2730 et
1090 2666 1283 2731 cedat
1320 2666 1389 2729 in
1434 2664 1642 2729 altera
1683 2665 1849 2727 iura.

275 2769 383 2832 Sic
422 2768 576 2854 quia
619 2777 971 2853 perpetuus
1016 2770 1181 2834 nulli
1227 2771 1419 2835 datur
1450 2792 1641 2853 usus,
1689 2780 1754 2835 et
1796 2769 1986 2833 heres

274 2873 599 2938 Heredem
646 2873 913 2939 alterius
957 2876 1138 2941 velut
1180 2878 1362 2942 unda
1402 2877 1782 2964 supervenit
1825 2874 2097 2957 undam,

273 2980 451 3060 Quid
495 2980 623 3045 vici
669 2990 942 3065 prosunt
984 2992 1095 3047 aut
1129 2984 1391 3068 horrea,
1436 2983 1681 3071 quidve
1722 2980 2024 3045 Calabris
2089 2972 2095 2979 ’

274 3087 561 3152 Saltibus
602 3086 843 3151 adiecti
883 3088 1168 3173 Lucani,
1218 3092 1273 3154 si
1318 3091 1504 3155 metit
1543 3088 1756 3153 Orcus

216 3204 238 3269 ᾗ
274 3193 567 3258 Grandia
612 3216 754 3257 cum
794 3198 1050 3280 parvis,
1096 3220 1227 3262 non
1268 3193 1622 3261 exorabilis
1665 3191 1872 3257 auro?

272 3300 617 3384 Gemmas,
656 3324 971 3387 marmor,
1020 3303 1213 3387 ebur,
1260 3300 1606 3387 Tyrrhena
1649 3297 1898 3384 sigilla,
1941 3297 2258 3382 tabellas,

271 3410 667 3492 Argentum,
706 3418 923 3477 vestes
969 3410 1247 3475 Gaetulo
1278 3408 1526 3471 murice
1563 3407 1802 3469 tinctas

274 3513 440 3579 Sunt
474 3516 587 3599 qui
630 3536 759 3578 non
805 3516 1119 3597 habeant,
1162 3524 1263 3579 est
1306 3514 1419 3601 qui-
1463 3533 1592 3577 non
1633 3517 1818 3575 curat
1857 3510 2120 3575 habere.

276 3621 409 3683 Cur
446 3618 611 3683 alter
654 3619 925 3683 fratrum
969 3642 1223 3685 cessare
1268 3630 1331 3686 et
1375 3620 1600 3684 ludere
1643 3627 1708 3683 et
1743 3618 1909 3701 ungi

272 3724 613 3789 Praeferat
658 3724 943 3789 Herodis
986 3726 1287 3812 palmetis
1330 3726 1720 3813 pinguibus,
1767 3722 1930 3787 alter

271 3831 479 3895 Dives
528 3840 591 3895 et
632 3831 1040 3918 importunus
1086 3832 1171 3896 ad
1209 3832 1506 3896 umbram
1551 3831 1718 3895 lucis
1761 3830 1846 3895 ab
1889 3838 2036 3895 ortu

276 3940 655 4003 Silvestrem
692 3936 969 4001 flammis
1014 3945 1079 4003 et
1114 3939 1289 4003 ferro
1326 3940 1584 4023 mitiget
1623 3957 1850 4022 agrum
1873 3984 1890 4017 ,

275 4046 411 4109 Scit
445 4045 723 4130 Genius,
775 4043 991 4110 natale
1026 4064 1239 4107 comes
1285 4045 1395 4129 qui
1436 4050 1761 4128 temperat
1801 4050 2078 4121 astrum,

274 4148 565 4213 Naturae
608 4148 769 4212 deus
814 4148 1135 4213 humanae
1173 4149 1467 4214 mortalis
1488 4198 1505 4231 ,
1551 4150 1620 4211 in
1663 4136 1890 4213 imum-

280 4250 601 4339 Quodque
644 4260 841 4335 caput
884 4252 1068 4317 vultu
1106 4254 1437 4319 mutabilis
1453 4303 1472 4336 ,
1519 4254 1706 4317 albus
1753 4263 1817 4319 et
1863 4262 2022 4318 ater.

2651 657 2744 705 155

2651 1189 2749 1238 160

2653 1715 2755 1764 165

2654 2246 2754 2294 170

2655 2790 2752 2839 175

2649 3318 2750 3366 180

2648 3844 2744 3893 185
