2919 4716
217 268 294 328 12
1123 283 1613 330 EmsTonAmm

211 434 486 500 Pectore
527 435 733 500 verba
774 455 971 522 puer,
1013 457 1188 500 nunc
1221 443 1288 499 te
1323 433 1705 500 melioribus
1744 435 1925 500 offer.

213 541 358 622 Quo
399 540 598 605 semel
641 549 742 604 est
783 539 1036 605 imbuta
1076 563 1338 624 recenS,
1383 541 1677 606 servabit
1720 541 1985 606 odorem

211 647 413 712 Testa
457 647 590 712 diu.
666 646 920 728 Quodsi
959 668 1180 712 cessas
1222 655 1336 712 aut
1378 655 1683 712 strenuus
1724 648 1968 728 antem,
2568 657 2637 706 70

209 753 350 818 Nec
386 753 647 819 tardum
691 756 994 841 opperior
1035 777 1156 819 nec
1198 751 1741 841 praecedentibus
1775 752 1969 818 insto·

970 957 1056 1076 Nx.
1107 1007 1471 1072 Ems'roLA
1504 1005 1633 1070 ΠΙ.

919 1146 1039 1206 AD
1085 1147 1400 1208 IULIUM
1442 1145 1819 1208 FLORUM.

209 1292 340 1358 Iuli
376 1293 605 1377 Flore,
647 1294 886 1381 quibus
925 1302 1246 1360 terrarum
1285 1295 1523 1360 militet
1568 1295 1697 1358 oris

212 1398 525 1464 Claudius
568 1399 852 1485 Augusti
890 1401 1266 1489 privignus,
1311 1403 1479 1467 scire
1521 1393 1767 1464 laboro.

207 1505 550 1570 Thracane
585 1527 704 1570 vos
739 1503 1132 1593 Hebrusque
1171 1509 1377 1575 nivali
1411 1507 1719 1596 compede
1758 1508 2016 1571 vinctus
2030 1554 2049 1588 ,

206 1611 315 1675 An
358 1609 529 1674 freta
574 1613 828 1675 vicinas
873 1613 1045 1676 inter
1090 1617 1420 1680 currentia
1459 1623 1701 1693 turres„

207 1717 316 1781 An
359 1721 635 1802 pingues
679 1717 881 1780 Asiae
920 1721 1135 1805 campi
1184 1721 1513 1807 collesque
1550 1719 1929 1783 morantur?
2070 1729 2089 1750 ⁶
2568 1725 2602 1773 5

273 1824 388 1888 uid
429 1821 723 1887 studiosa
762 1822 990 1888 cohors
1036 1847 1300 1912 operum
1340 1826 1581 1889 struit?
1620 1823 1745 1889 hoc
1787 1847 2043 1911 quoque
2088 1846 2266 1890 curo.

272 1931 374 1995 uis
411 1929 548 1993 sibi·
577 1950 682 1992 res
727 1938 948 2013 gestas
992 1931 1280 2018 Augusti
1325 1931 1608 1998 scribere
1650 1930 1891 1996 sumit?

205 2033 396 2099 Bella
435 2035 582 2121 quis
624 2043 690 2100 et
731 2056 928 2123 paces
967 2037 1234 2125 longum
1271 2037 1577 2104 diffundit
1614 2041 1684 2102 in
1727 2036 2009 2104 aevum?

207 2139 387 2220 Quid
429 2139 642 2206 Titius
688 2139 984 2208 Romana
1026 2145 1215 2211 brevi
1257 2154 1569 2212 venturus
1615 2145 1686 2208 in
1730 2167 1879 2225 ora,

205 2247 541 2312 Pindarici
589 2246 790 2312 fontis
837 2253 948 2337 qui
992 2274 1122 2316 non
1167 2251 1477 2340 expalluit
1514 2250 1817 2333 haustus,
2567 2253 2633 2302 10

203 2352 533 2419 Fastidire
571 2352 752 2420 lacus
795 2366 860 2422 et
897 2360 1074 2425 rivos
1119 2382 1314 2426 ausus
1353 2356 1660 2446 apertos?

202 2461 294 2525 Ut
338 2461 568 2526 valet?
614 2470 687 2526 ut
729 2467 1026 2531 meminit
1063 2466 1316 2532 nostri?
1352 2464 1679 2529 fidibusne
1717 2462 1975 2527 Latinis

204 2567 548 2631 Thebanos
595 2575 818 2654 aptare
859 2572 1087 2636 modos
1134 2571 1349 2636 studet
1387 2569 1653 2655 auspice
1688 2570 1913 2652 Musa,

201 2672 312 2737 An
352 2672 608 2756 tragica
642 2673 938 2737 desaevit
981 2683 1046 2739 et
1089 2677 1483 2764 ampullatur
1520 2676 1590 2739 in
1634 2676 1822 2740 ar'te‘?

203 2776 384 2858 Quid
421 2775 582 2840 mihi
627 2775 860 2842 Celsus
902 2780 1090 2864 agit?
1132 2784 1414 2847 monitus
1457 2781 1861 2868 multumque
1905 2784 2298 2864 monenduS,
2563 2790 2628 2839 15

201 2884 506 2950 Privatas
551 2890 624 2947 ut
665 2894 937 2970 quaerat
981 2909 1134 2973 opes
1181 2896 1244 2952 et
1288 2897 1561 2975 tangere
1603 2888 1769 2952 vitet
2352 2900 2357 2906 ”

203 2992 493 3077 Scripta,
539 2989 880 3055 Palatinus
925 3014 1346 3080 quaecunque
1390 2996 1639 3081 recepit
1681 2993 1919 3081 Apollo
1934 3043 1951 3077 ‚

204 3098 334 3180 Ne,
381 3098 438 3160 si
481 3096 649 3162 forte
696 3120 848 3163 suas
892 3099 1238 3184 repetitum
1281 3101 1540 3165 venerit
1584 3100 1739 3165 olim

201 3204 385 3269 Grex
429 3205 649 3270 avium
696 3206 985 3293 plumas,
1025 3214 1289 3270 moveat
1333 3204 1661 3271 cornicula
1701 3206 1906 3268 risum

197 3312 492 3377 Furtivis
534 3313 780 3377 nudata
819 3311 1163 3377 coloribus.
1231 3308 1382 3399 Ipse
1429 3310 1590 3397 quid
1626 3311 1877 3375 audes?
2560 3323 2629 3373 20

200 3419 387 3500 Quae
431 3418 919 3483 circumvolitas
969 3417 1161 3502 agilis
1204 3416 1480 3504 thyma?
1558 3416 1705 3482 Non
1748 3417 1871 3481 tibi
1913 3437 2189 3503 parvum

196 3524 542 3611 Ingenium
557 3574 576 3607 ,
623 3545 756 3588 non
796 3524 1112 3587 incultum
1159 3532 1262 3588 est
1303 3532 1369 3587 et
1407 3526 1690 3611 turpiter
1731 3524 2005 3589 hirtum:

197 3630 328 3698 Seu
368 3630 664 3715 linguam
707 3629 923 3693 causis
969 3631 1149 3693 acuis
1197 3652 1314 3693 seu
1357 3631 1572 3694 civica
1620 3630 1765 3694 iura

198 3734 620 3823 Respondere
663 3756 858 3821 paras
903 3756 1019 3798 seu
1065 3736 1293 3800 condis
1339 3736 1623 3801 amabile
1666 3758 1958 3818 carmen,

193 3844 418 3909 Prima
459 3841 634 3906 feres
676 3840 957 3905 hederae
1000 3841 1291 3906 victricis
1335 3842 1650 3929 praemia.
1742 3840 1994 3921 Quodsi
2558 3856 2625 3906 25

191 3950 467 4036 Frigida
505 3968 807 4013 curarum
843 3948 1134 4012 fomenta
1174 3947 1563 4034 relinquere·
1590 3968 1855 4033 posses,

193 4057 338 4139 Quo
382 4065 450 4119 te
488 4054 785 4119 coelestis
831 4055 1154 4141 sapientia
1192 4053 1491 4137 duceret,
1532 4054 1684 4118 ires.

190 4163 337 4228 Hoc
379 4183 540 4247 opus
559 4212 577 4244 ‚
621 4160 744 4225 hoc
787 4161 1074 4226 studium
1119 4160 1310 4248 parvi
1349 4181 1770 4245 properemus
1816 4167 1883 4224 et
1924 4158 2155 4244 ampli,

191 4268 264 4335 Si
308 4268 559 4356 patriae
604 4266 936 4351 volumus,
983 4270 1040 4332 si
1079 4266 1269 4332 nobis
1307 4265 1533 4330 vivere
1578 4266 1750 4328 cari!
