2919 4716
219 246 258 304 6
1131 246 1623 296 Ems‘romnmu

218 407 536 473 Liberum
577 413 642 469 et
685 410 972 468 erectum
1013 421 1324 487 praesens
1362 401 1662 465 hortatur
1700 406 1765 461 et
1806 405 1989 483 aptat
2002 398 2037 459 *Ρ

222 511 476 594 Quodsi
517 530 624 573 me
664 506 942 593 populus
978 506 1310 571 Romanus
1354 498 1525 571 forte
1566 511 1785 589 roget,
1828 522 1947 567 cur

222 619 371 683 Non
409 625 484 681 ut
518 612 881 703 porticibus
926 613 1021 675 sic
1063 612 1325 677 iudiciis
1364 610 1551 675 fruar
1588 610 1829 687 isdem,

227 724 365 789 Nec
404 742 642 809 sequar
675 726 789 783 aut
823 718 1074 803 fugiam
1119 739 1288 804 quae
1329 716 1548 801 diligit
1592 718 1731 802 ipse
1776 715 1884 781 vel
1926 716 2099 798 odit,

225 828 404 894 Olim
453 827 630 913 quod
673 824 906 911 vulpes
952 833 1218 909 aegroto
1263 830 1456 887 cauta
1498 821 1673 887 leoni

224 934 626 1019 Respondit,
664 932 980 997 referam:
1026 930 1250 1014 „Quia
1291 951 1396 993 me
1438 929 1725 1013 vestigia
1764 935 2043 1009 terrent,

227 1038 514 1122 „Omnia
555 1046 622 1103 te
665 1032 1016 1101 adversum
1057 1036 1461 1125 spectantia,
1506 1034 1687 1099 nulla
1727 1035 2149 1101 retrorsum.“

226 1144 459 1209 Bellua
501 1140 854 1206 multorum
893 1162 962 1205 es
1009 1141 1316 1226 capitum.
1396 1138 1567 1203 Nam
1610 1140 1789 1226 quid·
1812 1160 2079 1226 seques,
2124 1146 2237 1201 aut
2274 1137 2519 1223 quem?

228 1249 394 1313 Pars
437 1248 773 1313 hominum
814 1246 1015 1331 gestit
1055 1244 1419 1310 conducere
1462 1245 1761 1331 publica3
1808 1254 1959 1311 sunt
1998 1246 2111 1332 qui

231 1354 490 1421 Crustis
531 1361 597 1417 et
639 1352 848 1438 pomis
896 1350 1131 1416 viduas
1167 1358 1493 1416 venentur
1534 1372 1769 1417 avaras
1785 1401 1805 1435 ,

226 1460 714 1547 Excipiantque
757 1478 946 1521 senes
958 1504 977 1538 ,
1021 1478 1184 1540 quos
1227 1458 1298 1521 in
1340 1458 1598 1522 vivaria
1632 1459 1926 1540 mittant3

226 1562 456 1629 Multis
494 1561 748 1628 occulto
791 1564 1026 1627 crescit
1060 1586 1166 1629 res
1211 1563 1500 1629 foenore.
1588 1562 1836 1627 Verum

228 1671 425 1751 Esto,
469 1667 617 1731 aliis
659 1665 823 1731 alios
865 1667 1062 1735 rebus
1109 1670 1477 1757 studiisque
1512 1670 1753 1734 teneri:

229 1775 417 1839 Idem
458 1772 686 1837 eadem
727 1782 1004 1857 possunt
1046 1773 1273 1839 horam
1318 1776 1555 1841 durare
1600 1773 1949 1861 probantes
1966 1771 2000 1834 ⁸?

229 1876 571 1963 „Nullus
551 1902 622 1943 m
663 1880 822 1945 orbe
867 1882 1045 1944 sinus
1086 1880 1268 1945 Baiis
1306 1882 1641 1966 praelucet
1674 1879 2009 1965 amoenis“

231 1985 302 2049 Si
339 1984 510 2049 dixit
547 1984 734 2049 dives
748 2034 768 2066 ,
810 1986 992 2049 lacus
1035 1993 1102 2049 et
1143 2006 1322 2051 mare
1365 1987 1564 2050 sentit
1607 2007 1893 2051 amorem

228 2090 630 2153 Festinantis
671 2090 846 2173 heri3
891 2092 999 2155 cui
1043 2092 1100 2155 si
1141 2092 1380 2157 vitiosa
1423 2090 1633 2156 libido

230 2197 492 2261 Fecerit
525 2198 923 2283 auspicium,
972 2218 1116 2261 cras
1162 2196 1561 2263 ferramenta
1602 2196 1899 2261 Teanum

232 2301 538 2381 Tolletis,
579 2302 782 2369 fabri!
858 2302 1100 2369 Lectus
1143 2301 1421 2389 genialis
1462 2304 1533 2367 in
1570 2302 1721 2368 aula
1759 2302 1907 2368 est?

228 2408 342 2473 Nil
385 2408 482 2472 ait
521 2431 668 2474 esse
707 2412 924 2497 prius,
963 2409 1198 2474 melius
1235 2409 1332 2473 nil
1372 2408 1622 2474 coelibe
1665 2409 1835 2491 vita3

232 2515 304 2578 Si
347 2537 478 2579 non
522 2524 651 2597 est,
693 2517 871 2580 iurat
912 2518 1082 2581 bene
1131 2514 1288 2580 solis
1331 2535 1475 2578 esse
1517 2515 1796 2580 maritis.

234 2619 380 2698 Quo
420 2628 678 2686 teneam
722 2619 942 2684 vultus
983 2627 1342 2685 mutantem
1385 2619 1629 2684 Protea
1670 2621 1841 2685 nodo
1859 2621 1893 2684 i>

235 2711 462 2805 Quid?
508 2745 760 2810 pauper
806 2761 881 2772 --
929 2726 1101 2790 ride!
1152 2763 1226 2772 -—
1271 2733 1481 2789 mutat
1520 2728 1910 2811 coenacula,
1949 2727 2185 2811 lectos,

235 2828 516 2912 Balnea,
563 2837 895 2913 tonsores,
941 2829 1259 2896 conducto
1301 2831 1571 2918 navigio
1616 2854 1821 2920 aeque

232 2934 527 3000 Nauseat
569 2956 649 2999 ac
693 2935 1017 3023 locuples,
1061 2957 1253 3022 quem
1290 2935 1473 3001 ducit
1505 2939 1697 3024 priva
1740 2941 2041 3006 triremis.

236 3040 309 3105 Si
353 3049 618 3108 curatus
666 3042 998 3131 inaequali
1035 3052 1302 3107 tonsore
1347 3042 1620 3131 capillos

232 3147 508 3212 Occurri
521 3197 539 3230 ,
583 3150 794 3234 rides3
841 3152 898 3215 si
938 3152 1106 3216 forte
1145 3147 1463 3214 subucula
1497 3172 1711 3237 pexae

235 3252 424 3317 Trita
463 3254 689 3320 subest
730 3259 1024 3341 tunicae,
1068 3255 1176 3323 vel
1217 3256 1274 3320 si
1317 3265 1477 3340 toga
1516 3255 1793 3321 dissidet
1836 3258 2076 3343 impar,

237 3359 474 3423 Rides:
524 3361 730 3446 quid?
773 3384 923 3427 mea
965 3381 1112 3426 cum
1155 3369 1410 3448 pugnat
1454 3361 1779 3426 sententia
1821 3383 2073 3445 secum,

203 3465 427 3545 §Quod
464 3466 654 3552 petiit
699 3469 980 3554 spernit,
1025 3469 1263 3552 repetit
1315 3467 1491 3554 quod
1532 3490 1740 3554 nuper
1784 3469 2038 3550 omisit,

233 3571 517 3636 Aestuat
551 3578 616 3633 et
657 3572 833 3635 vitae
874 3570 1286 3636 disconvenit
1329 3573 1557 3638 ordine
1598 3582 1767 3657 tote,

236 3675 461 3740 Diruit
474 3724 494 3758 ,
537 3674 840 3740 aedificat
855 3726 874 3759 ,
916 3683 1129 3740 mutat
1170 3677 1493 3762 quadrata
1536 3678 1835 3744 rotundis
1852 3727 1870 3760 ,

237 3782 538 3846 Insanire
581 3789 775 3868 putas
823 3781 1161 3847 sollemnia
1201 3782 1353 3846 me?
1397 3805 1610 3871 neque
1648 3785 1855 3865 rides,

237 3889 377 3954 Nec
419 3889 658 3954 medici
701 3888 918 3954 credis
963 3909 1084 3952 nec
1125 3890 1443 3954 curatoris
1490 3913 1683 3977 egere

240 3997 304 4060 A
346 4004 642 4082 praetore
687 3993 855 4076 dati,
893 4013 1111 4057 rerum
1151 3993 1358 4058 tutela
1400 4017 1691 4062 mearum

242 4101 409 4166 Cum
453 4101 578 4181 sis,
624 4106 690 4163 et
722 4120 924 4185 prave
971 4108 1220 4165 sectum
1267 4102 1693 4168 stomacheris
1736 4102 1819 4167 ob
1864 4123 2149 4186 unguem

238 4207 344 4271 De
387 4212 452 4269 te
498 4202 876 4292 pendentis,
916 4211 980 4270 te
1024 4207 1434 4294 respicientis
1471 4207 1713 4271 amici?

2586 514 2659 563 7⁰

2587 1038 2659 1086 75

2588 1569 2663 1620 80

2596 2104 2667 2153 85

2596 3163 2667 3213 95

2598 3697 2703 3747 100

2598 4213 2699 4263 105
